1696 2878
565 123 1076 222 erl-ZAEDRVS
1425 133 1511 182 185

129 249 310 295 ridebis.
355 220 604 311 proferunt
622 244 767 296 enim,
809 243 994 303 opinor,
1031 238 1297 290 non-idn
1322 241 1509 301 quidam

132 334 189 361 ex
206 317 377 363 arcanis
395 314 665 363 carminibus
688 314 776 358 duo
791 327 872 354 ver
876 310 975 354 [ηε
962 326 1011 356 111
1031 311 1287 356 Amorem
1259 343 1275 367 ,
1310 325 1509 372 quorum

131 388 246 430 alter
277 387 458 444 prorsus
494 382 678 428 lascivus
713 395 799 424 nec
831 380 926 424 satis
964 379 1186 426 modestus
1214 380 1299 426 ess-
1328 384 1510 426 fluunt

130 469 240 500 vero
267 455 328 499 ita
339 474 374 526 z·

139 547 143 554 ·
218 525 349 569 Hune
377 521 531 567 dicunt
554 522 781 565 volucrem
811 518 1018 563 mortales
1046 518 1232 561 nomine
1252 517 1486 573 Amor-t,

217 594 277 637 At
294 591 338 635 di
355 597 536 650 propter
554 590 661 640 avis,
690 602 827 645 quam
847 586 946 637 sert,
975 586 1254 645 pruriginem
1269 586 1484 629 Avorem.

132 661 202 705 his
226 661 361 719 igitur
393 660 494 703 licet
525 658 599 700 vel
629 655 765 699 fidem
795 653 992 697 tribuere
1026 655 1093 697 vel
1122 655 1294 697 nullam
1323 648 1523 708 haber„v

50 734 55 741 “
134 731 260 774 causa
276 745 348 772 εει
351 737 393 771 te
415 735 459 769 et
478 724 653 768 affectio
669 722 912 766 amantium
939 721 1052 764 haec
1071 721 1174 763 sane
1191 723 1265 765 est.

244 799 337 841 lam
366 811 391 838 e
418 793 536 839 Iovis
572 791 806 835 comitibus
841 789 920 845 qui
963 787 1207 847 corripitur
1246 788 1513 833 constantiu-

131 867 268 925 potost
289 864 405 908 sene
422 862 494 904 dei
514 860 569 903 ab
588 859 747 903 avibus
768 856 985 900 nominati
1007 856 1273 908 mole-stium
1301 857 1515 914 quicum-

132 948 220 990 que
246 948 371 977 vero·
368 929 536 974 -Martis
562 926 748 971 minimi
780 925 882 968 sunt
905 932 951 967 et
988 938 1093 968 cum
1122 924 1215 982 ipso
1243 924 1515 968 circumive-

129 1007 262 1053 runt,
292 998 470 1056 quando
484 998 540 1040 ab
562 997 729 1041 Amore
748 992 988 1052 capiuntur
1012 1000 1054 1035 et
1082 992 1291 1036 iuiuu'am
1315 992 1514 1051 aliquam

132 1067 175 1109 se
191 1066 391 1126 accipere
411 1066 657 1124 opinantur
674 1063 730 1106 ab
753 1070 918 1116 amato,
937 1061 1260 1119 sanguinolenti
1275 1070 1412 1118 atque
1430 1074 1517 1120 pa-

8 1154 19 1164 ·
74 1162 76 1164 -
131 1134 215 1179 rati
236 1135 338 1179 suut
356 1134 396 1177 se
421 1134 537 1192 ipsos
559 1140 604 1176 et
626 1139 827 1177 amatum
858 1139 1068 1174 mactare.
1108 1138 1152 1172 et
1179 1130 1240 1173 ita
1271 1129 1515 1174 seeundum

131 1204 264 1248 deum
278 1236 290 1256 ,
320 1204 443 1247 cuius
459 1202 644 1260 quisque
664 1201 854 1244 chorum
872 1201 1083 1257 sequutus
1104 1200 1176 1246 est.
1204 1199 1348 1257 ipsum
1367 1200 1517 1243 colens

132 1280 179 1318 et
197 1272 398 1324 imitans,
437 1278 652 1329 quantum
684 1270 846 1328 potest,
886 1268 1024 1321 vivit,
1061 1267 1278 1324 quamdiu
1306 1268 1518 1311 incorru-

134 1346 234 1398 ptus
255 1340 312 1383 est
330 1339 435 1382 etin
458 1339 605 1397 prima
622 1339 692 1380 hic
710 1336 993 1395 generatione
1011 1336 1235 1390 versatum
1274 1344 1407 1396 atque
1432 1334 1517 1378 hac

134 1405 307 1449 ratione
336 1413 434 1450 tum
464 1405 623 1450 amatis
650 1412 747 1448 tum
788 1403 947 1456 ceteris
974 1404 1119 1449 utitur
1147 1419 1311 1461 eosque
1340 1407 1519 1445 tractat.

136 1488 338 1519 amorem
363 1473 500 1530 igitur
521 1473 646 1517 suum
666 1486 751 1529 pro
774 1469 848 1512 suo
867 1468 1053 1526 quisque
1070 1469 1248 1527 ingenio
1276 1484 1301 1510 e
1320 1467 1521 1529 pulchris

137 1541 281 1598 eligit,
312 1555 524 1599 eumque,
555 1540 671 1596 quass
689 1539 779 1597 ipse
796 1538 871 1581 ille
892 1538 999 1581 deus
1019 1539 1095 1597 ipfi
1115 1540 1187 1591 fit,
1216 1537 1338 1582 velut
1356 1535 1519 1595 imagi-

137 1625 243 1657 nem
265 1609 460 1653 divinam
488 1615 532 1653 et
563 1607 812 1651 fabricatur
834 1614 878 1649 et
907 1614 1120 1660 exornat„
1159 1621 1248 1664 quo
1274 1611 1519 1649 veneretur

136 1679 281 1738 ipsum
312 1677 534 1735 sacrisque
560 1677 860 1734 prosequatur
882 1673 1143 1721 honoribus.
1201 1676 1293 1719 lam
1314 1688 1422 1717 vero
1442 1673 1519 1719 Io-

137 1747 207 1791 vis
240 1746 450 1799 comites,
487 1753 538 1788 ut
567 1744 780 1789 lovialem
809 1742 1034 1800 quendam
1059 1743 1312 1800 reperiant,
1355 1742 1431 1800 qui
1461 1739 1521 1786 ab

136 1816 234 1874 ipfis
252 1823 444 1868 ametur,
475 1827 658 1871 operam
679 1813 800 1856 dant.
822 1809 1093 1854 confiderunt
1114 1810 1266 1870 igitur,
1286 1824 1398 1854 num
1416 1809 1519 1871 phi·
1586 1837 1592 1843 -

134 1883 340 1942 Iosephus
359 1890 402 1924 et
419 1883 578 1925 natura
599 1878 858 1940 principalis
880 1879 942 1928 fit,
963 1885 1009 1921 et
1028 1891 1166 1934 quum
1187 1878 1333 1937 ipsum
1357 1892 1520 1938 reper-

137 1960 234 1997 tum
267 1966 417 1994 amare
447 1951 739 2009 inceperunt,
786 1946 911 1991 omni
939 1945 1078 1993 studio
1102 1946 1148 1990 id
1177 1955 1315 2005 agunt
1341 1954 1393 1989 ut
1421 1946 1520 1991 talis

139 2021 317 2063 exfistat.
367 2027 412 2063 et
447 2021 475 2068 fi
511 2019 716 2067 nondum
751 2024 855 2059 ante
888 2016 1178 2075 susceperant
1195 2014 1278 2056 hoc
1311 2015 1519 2066 studium,

139 2095 247 2132 tunc
264 2087 309 2130 id
341 2088 646 2146 aggredientes
678 2094 723 2131 et
749 2085 940 2133 discunt,
988 2083 1302 2140 undecumque
1325 2086 1520 2141 potsunt,

141 2162 187 2196 et
204 2153 280 2211 ipfi
303 2170 439 2211 quam
443 2164 548 2199 unt·
537 2187 550 2208 ,
581 2156 687 2201 dum
711 2168 819 2196 vero
840 2151 1096 2209 investigant
1114 2159 1156 2194 et
1179 2166 1258 2209 per
1277 2153 1321 2193 se
1340 2152 1419 2210 ipsi
1441 2166 1522 2194 re-

139 2221 288 2281 perire
309 2222 379 2265 dei
396 2223 462 2264 sui
479 2231 687 2267 naturam
710 2222 929 2272 nituntur,
957 2219 1042 2262 hoc
1060 2218 1155 2277 ἱρῇ-ς
1174 2219 1379 2273 succedit,
1407 2234 1523 2279 pro-

139 2298 294 2349 pterea
313 2289 430 2346 quod
450 2290 613 2333 acriter
629 2296 849 2347 coguntur
871 2284 918 2331 in
937 2286 1069 2331 deum
1101 2287 1294 2340 intueri,
1335 2296 1380 2331 et
1410 2287 1537 2333 dum'

141 2361 428 2414 affequuntur
449 2356 595 2419 ipsum
612 2355 852 2408 memoria,
888 2353 1035 2399 afflatu
1056 2357 1260 2403 concitati
1281 2356 1436 2399 divino
1462 2354 1522 2402 ab

142 2441 196 2468 eo
215 2425 439 2484 accipiunt
461 2438 606 2466 mores
624 2439 675 2466 ac
693 2423 831 2467 studia
844 2455 856 2476 ,
885 2431 1099 2482 quantum
1121 2426 1190 2469 dei
1210 2425 1348 2468 homo
1372 2422 1523 2482 parti-

142 2508 244 2551 ceps
264 2493 360 2536 fieri
378 2492 538 2552 potest,
578 2491 758 2548 eiusque
779 2491 847 2534 rei
870 2493 1040 2536 causam
1060 2501 1209 2536 amato
1232 2492 1522 2535 attribuentes

144 2561 278 2604 etiam
297 2561 436 2618 magis
457 2576 560 2610 eum
582 2561 949 2620 complectuntur,
969 2568 1013 2604 et
1032 2562 1061 2604 fi
1082 2577 1137 2604 ex
1160 2563 1268 2604 Jove
1289 2559 1521 2609 hauriunt,

144 2631 250 2677 ficut
266 2629 479 2687 Bacchae,
497 2628 544 2673 in
563 2629 698 2679 amati
720 2627 920 2681 animum
944 2630 990 2679 id
1006 2630 1293 2679 infundentes
1314 2627 1521 2679 efficiunt,
