1696 2878
839 0 842 5 .
919 0 953 10 ,Γ
974 0 1230 23 ”rw-mrumst*

529 148 1182 253 rioracoasss
1493 199 1548 248 φ

267 297 402 343 ,Haec
431 293 569 355 igitur
594 291 822 339 et'fimilia
857 306 932 335 me
965 291 1146 347 dicento,
1167 307 1262 340 non
1294 292 1552 349 declarabat
1583 303 1592 307 ’

168 367 434 422 Protagoran
452 369 606 408 utrum
624 359 825 406 facturus
842 353 959 406 estet.
990 360 1108 404 dixit
1124 355 1284 410 ἆείιιδο
1297 362 1550 410 Alcibiade·

170 433 357 481 Calliam
379 430 623 492 adspiciens
654 430 695 474 Ο
716 430 879 483 Callia,
908 445 1021 475 num
1041 429 1222 474 videtur
1237 429 1348 490 tibi,
1385 430 1551 489 inquit,

167 503 307 550 etiam
327 517 447 546 nunc
462 500 577 545 bene
595 500 859 558 Protagoras
878 495 1020 543 facere
1035 499 1206 550 nolens,
1236 506 1391 549 utrum
1407 500 1553 547 tatio·

167 586 273 615 nem
300 570 553 615 redditurus
576 570 626 613 fit
654 583 816 620 necne,
868 568 1130 613 declarare?
1169 568 1280 612 mihi
1311 568 1432 614 enim
1458 581 1552 614 non

166 639 371 694 videtur3
401 647 448 682 at
465 653 578 682 vero
601 645 681 699 aut
701 637 968 694 colloquitur
986 643 1063 680 aut
1094 637 1139 678 se
1158 635 1291 679 dicito
1313 637 1431 679 nolle
1454 635 1555 689 coi-,-

165 708 312 765 loqui‚
343 715 391 751 ut
407 706 566 750 hoc-de
583 708 676 764 ipso
696 705 904 755 sciamus,
943 703 1149 747 Socrates
1169 711 1321 747 autem
1342 719 1443 748 cum
1467 702 1554 749 alio

168 777 471 832 colloquatur,
510 776 581 820 vel
599 775 712 818 aliua
730 772 1006 828 quicumque
1024 772 1123 815 vult
1151 787 1252 816 cum
1270 771 1371 814 alio.
1430 773 1553 816 Tum

166 845 431 901 Protagoras
448 842 502 886 ad
524 841 787 901 pudendum
809 839 1039 893 inductus,
1071 848 1122 883 ut
1141 841 1323 898 quidem
1347 838 1458 883 mihi
1479 839 1554 882 vi-

166 913 372 961 debatur.
403 926 541 969 quum
556 908 803 954 Alcibiades
822 908 934 952 haec
953 908 1119 952 diceret
1137 917 1182 952 et
1206 908 1371 952 Callia
1389 907 1555 951 ceteri-

165 996 253 1039 que
269 980 367 1023 fere
383 987 639 1038 praesentes
658 985 893 1035 rogarent,
923 977 1001 1020 vix
1020 976 1239 1036 impulsus
1259 977 1318 1019 est
1334 974 1391 1020 ad
1410 975 1555 1020 collo-

163 1050 392 1108 quendum
411 1055 456 1091 et
477 1047 733 1107 postulavit,
771 1055 822 1090 ut
837 1045 930 1105 ipso
960 1046 1342 1104 interrogaretur,
1385 1045 1555 1105 quippe

99 1127 102 1130 ⁴
162 1118 463 1177 responsurus·

246 1185 356 1229 Dixi
373 1184 510 1240 igitur-
527 1185 567 1228 Ο
588 1187 851 1240 Protagora,
872 1200 931 1228 ne
950 1184 1171 1228 existimes
1191 1199 1266 1227 me
1281 1191 1432 1227 tecum
1455 1183 1553 1227 col-

164 1253 287 1310 loqui
303 1253 426 1297 aliud
445 1253 552 1310 quid
573 1254 845 1313 spectantem
865 1254 940 1297 nisi
960 1253 1060 1306 hoc,
1088 1260 1155 1301 ut,
1185 1251 1554 1309 quotiescumque

165 1321 258 1379 ipse
282 1321 430 1379 aliqua
460 1322 508 1383 in
542 1337 594 1365 re
631 1322 838 1365 haesitem
858 1354 870 1373 ‚
915 1337 1016 1366 eam
1051 1320 1305 1381 dispiciam;
1355 1319 1555 1366 arbitror

166 1389 287 1433 euim
306 1390 458 1445 utique
479 1390 725 1434 Homerum
745 1391 909 1447 aliquid
942 1391 1086 1434 dicere
1114 1390 1184 1434 his
1204 1389 1380 1433 verbis:

250 1458 351 1500 Una
372 1457 467 1499 bini
482 1457 559 1498 ubi
579 1465 712 1510 eunt,
749 1466 855 1518 ante
881 1472 1024 1501 uuum
1045 1458 1235 1500 consulit
1253 1458 1379 1502 alter.
1457 1479 1465 1495 ι

167 1524 468 1584 expeditiores
484 1524 603 1567 enim
622 1526 774 1567 sumus
808 1539 963 1566 omnes
978 1523 1188 1565 hominen
1212 1523 1267 1565 ad
1295 1522 1480 1578 quodvis
1508 1531 1556 1568 et
1621 1560 1625 1561 γ

167 1608 278 1652 opus
309 1601 352 1634 et.
379 1594 628 1634 sermonem
662 1600 706 1633 et
739 1592 1080 1647 cogitationem,
1108 1590 1245 1650 solus
1275 1606 1383 1635 vero
1412 1606 1554 1651 quum

166 1655 370 1720 confidit
385 1659 524 1713 idem,
555 1660 697 1703 statim
721 1660 930 1702 circumit
942 1673 1177 1715 quaerens,
1208 1658 1336 1702 cuiid
1356 1661 1556 1705 ostendat

165 1730 380 1786 cuiusque
389 1743 521 1787 opera
533 1728 730 1780 stabiliat,
749 1729 887 1771 donec
899 1726 1135 1770 invenerit.
1168 1729 1555 1783 quemadmodum

165 1813 245 1855 ego
274 1811 451 1854 quoque
475 1795 635 1840 iccirco
672 1796 883 1840 libentius
922 1805 1073 1839 tecum
1109 1795 1367 1852 colloquor,
1414 1813 1554 1856 quam

165 1882 269 1910 cum
289 1866 374 1908 alio
396 1865 631 1924 quopiam,
669 1864 774 1922 quia
796 1873 841 1908 te
869 1865 1067 1908 existimo
1087 1863 1260 1922 optime
1288 1865 1556 1923 exploratu-

158 1950 269 1980 rum
290 1937 373 1977 effe
395 1949 535 1991 quum
546 1932 645 1984 alia,
665 1949 780 1991 quae
802 1935 954 1976 deceat
967 1931 1200 1989 explorare
1218 1931 1429 1989 probum,
1452 1939 1555 1976 tum

165 2002 302 2046 etiam
321 2001 551 2045 virtutem.
592 2009 635 2044 et
660 2003 758 2059 quis
786 2002 897 2044 alius
928 2001 1012 2044 hoc
1041 1999 1177 2050 faciat
1198 2007 1379 2060 praeter
1403 2007 1472 2054 te,
1502 2007 1555 2045 ut

165 2070 246 2129 qui
266 2085 357 2113 non
377 2070 520 2112 solnm
544 2069 638 2131 ipsc
663 2078 706 2113 te
728 2071 903 2113 censeas
929 2069 1157 2113 honestum
1184 2076 1225 2111 et
1255 2068 1429 2112 bonum
1454 2072 1554 2124 effe,
1589 2120 1593 2122 μ

167 2153 333 2181 verum
359 2139 515 2186 etiam,
552 2153 694 2195 quum
720 2139 795 2182 alii
817 2139 894 2195 ipsi
923 2137 1104 2193 quidem
1136 2137 1265 2196 probi
1294 2137 1402 2190 fint,
1443 2137 1555 2182 alim

167 2221 276 2261 vero
294 2198 383 2249 non
406 2206 563 2264 poss‘mt
581 2204 758 2249 efficere
771 2239 783 2255 ,
824 2214 866 2248 et
887 2205 975 2263 ipse
994 2205 1135 2248 bonus
1162 2206 1213 2251 fis
1229 2213 1275 2248 et
1293 2205 1402 2249 alios
1421 2206 1553 2264 poffis

169 2274 342 2318 efficere
363 2272 522 2324 bonos,
561 2282 605 2317 ct
624 2282 861 2331 tantopere
878 2271 956 2314 tibi
974 2273 1191 2326 confidas,
1221 2281 1293 2324 ut,
1324 2273 1419 2316 aliia
1437 2274 1554 2318 hanc

169 2350 311 2386 artem
331 2339 584 2390 celantibus,
616 2348 666 2384 tu
686 2342 788 2384 sane
809 2340 985 2400 publico
1002 2350 1046 2386 te
1062 2343 1156 2402 ipse
1171 2343 1413 2402 praeconio
1438 2359 1555 2388 ven-

169 2410 316 2453 ditans
338 2415 381 2449 et
404 2421 555 2449 coram
576 2409 782 2453 omnibus
803 2409 982 2453 Graecis
999 2411 1214 2469 sophisten
1235 2411 1480 2470 appellans,
1509 2419 1554 2455 te

167 2479 262 2537 ipse
291 2475 498 2519 exhibeas
527 2476 791 2520 eruditionis
823 2491 875 2520 ac
909 2477 1088 2530 virtutis
1116 2479 1403 2536 magistrum,
1455 2480 1553 2538 pri-

169 2560 360 2603 musque
381 2543 475 2586 eius
496 2544 746 2588 mercedem
768 2546 1055 2604 postulaveris
1074 2549 1290 2607 accipere.
1320 2549 1552 2605 quomodo

170 2613 306 2671 igitur
323 2620 369 2655 te
387 2628 479 2659 non
498 2620 703 2671 oporteat
731 2615 946 2659 advocare
972 2616 1028 2661 ad
1052 2616 1169 2666 hanc
1189 2615 1486 2674 quaestionem
1506 2623 1553 2658 et

168 2681 442 2738 interrogare
458 2688 502 2723 et
518 2689 667 2725 tecum
694 2682 748 2724 de
767 2698 816 2725 ea
836 2684 1197 2727 communicare?
1226 2684 1351 2727 omni
1368 2685 1551 2742 prorsus

170 2750 319 2794 modo.
352 2765 473 2793 nunc
494 2749 631 2807 igitur
652 2750 749 2799 ina.
790 2767 903 2809 quae
923 2753 1121 2810 primum
1138 2751 1425 2807 interrogavi,
1462 2751 1551 2794 ite-
