1696 2878
535 109 1046 167 r'nAEDRvs
1398 119 1480 180 169
1539 161 1549 165 ,

103 244 239 288 quam
264 226 477 283 hnmani,
512 227 752 291 perspectis
786 228 862 283 iis,
899 222 1087 286 qudestet
1104 228 1277 293 patitur
1300 236 1345 275 et
1372 227 1479 288 ugit·

105 313 259 342 veram
282 295 496 356 cognosci.
527 298 767 342 exordium
786 313 895 342 vero
916 295 1292 345 demonstrationi·
1307 298 1393 344 hoo
1409 298 1480 342 est.

219 366 377 411 Omnis
398 365 576 411 animus
590 362 882 417 immortali„
919 381 1023 409 nam
1044 365 1165 425 quod
1178 367 1355 426 [nup-i·
1379 379 1482 409 mo-

104 442 234 478 vetur
250 434 504 479 immortale
527 433 608 482 est.
640 433 758 492 quod
776 441 929 477 autem
950 435 1071 478 aliud
1089 442 1243 479 movet
1260 441 1308 479 ot
1322 433 1482 483 obsnio

105 510 325 556 movetur,
352 501 489 547 finem
507 502 674 546 habena
699 510 848 546 motus
865 501 1003 547 finem
1021 501 1153 545 habet
1171 503 1303 546 etiam
1322 499 1484 546 viv‘euss-

105 570 164 613 di.
193 571 335 615 solum
357 569 512 627 igitur,
553 569 671 627 quod
690 570 732 612 se
750 570 1097 629 ipsum,movet‚
1133 570 1239 628 quia
1263 571 1308 613 se
1335 570 1485 629 ipsum

104 652 196 680 non
217 637 400 691 dese-rit,
430 653 675 696 numquam
692 637 847 682 definit
864 637 1054 690 moveri,
1083 639 1190 694 quin
1210 639 1344 683 etiam
1368 646 1487 682 cete-

103 706 164 749 ris
184 721 296 764 quae
318 714 558 751 moventur
574 706 648 748 hio
666 703 786 757 fons,
815 705 901 749 hoe
921 704 1191 763 principium
1214 706 1272 749 est
1291 721 1486 750 moven-

105 772 163 815 di.
183 772 390 833 principii
406 782 557 817 autem
578 773 703 817 nulla
724 774 781 816 est
799 773 950 831 orig03
973 787 998 815 e
1017 773 1240 832 principio
1263 774 1382 817 enim
1405 789 1484 817 ne-

105 846 215 886 cesse
233 844 314 894 est,
344 841 554 900 quicquid
571 841 791 898 gignitur,
829 841 975 899 gigni,
1013 839 1156 899 ipsum
1183 850 1334 886 autem
1363 843 1486 885 nulla

105 927 159 955 ex
180 927 229 954 re
250 912 359 963 alia3
400 924 504 952 nam
525 910 553 953 s1
573 909 752 970 aliunde
776 909 1049 968 principium
1077 909 1361 967 gigneretur.
1395 910 1486 953 inm

102 979 372 1041 principium
404 993 494 1021 non
522 981 638 1022 effet.
675 978 1039 1035 quandoquidem
1070 994 1178 1021 vero
1202 994 1293 1022 non
1320 980 1379 1023 est
1406 993 1485 1023 or·-

102 1054 224 1101 tum,
254 1061 335 1090 nec
356 1046 547 1092 intereat
566 1049 732 1093 necesse
747 1048 828 1099 est3
858 1046 1079 1105 principio
1097 1047 1300 1091 videlicet
1322 1047 1487 1091 exstin-

102 1123 198 1168 cto,
230 1129 375 1172 neque
392 1115 535 1175 ipsum
557 1129 775 1172 umquam
795 1115 978 1159 aliunde
996 1130 1144 1174 neque
1158 1115 1279 1160 aliud
1298 1116 1406 1175 quid
1429 1131 1486 1159 ex

99 1182 179 1228 illo
199 1183 391 1237 orietur,
431 1183 646 1242 siquidem
673 1198 697 1224 e
725 1182 946 1243 principio
975 1192 1150 1242 oportet
1181 1185 1330 1228 omnia
1361 1185 1485 1229 oriri.

22 1314 26 1318 Α
102 1251 255 1309 itaque
275 1260 422 1295 motus
442 1252 714 1311 principium
744 1250 790 1293 id
814 1252 895 1303 cst,
933 1252 1053 1309 quod
1080 1253 1123 1297 se
1150 1252 1294 1312 ipsum
1317 1260 1486 1306 movet,

103 1319 189 1363 hoc
209 1328 358 1363 autem
390 1335 472 1363 nec
500 1319 683 1362 interire
711 1334 795 1362 nec
823 1319 931 1363 oriri
959 1322 1118 1379 potestz
1154 1320 1286 1365 aliter
1316 1324 1488 1365 necesse

105 1390 207 1431 esset
233 1402 365 1430 omne
392 1388 562 1430 caelum
591 1396 862 1442 omnemque
891 1388 1224 1442 generationem
1253 1388 1488 1431 concidere

106 1463 237 1512 atque
253 1456 491 1506 consistere,
520 1469 603 1495 nec
622 1467 837 1508 umquam
857 1455 1009 1495 rursus
1027 1454 1205 1506 habere,
1225 1456 1346 1498 unde
1364 1463 1488 1499 mota

105 1524 406 1582 gignerentur.
436 1535 574 1578 quum
595 1527 744 1578 pateat
762 1519 900 1576 igitur
916 1520 1165 1564 immortale
1183 1521 1229 1564 id
1245 1525 1344 1575 effe,
1365 1523 1487 1580 quod

104 1594 149 1635 se
174 1593 318 1651 ipsum
349 1597 548 1641 moveat,
597 1587 733 1634 animi
765 1586 878 1630 hanc
906 1587 1045 1644 ipsam
1077 1592 1159 1633 effe
1196 1598 1403 1636 naturam
1434 1607 1487 1636 ac

105 1660 198 1703 vim
219 1675 351 1703 nemo
376 1656 595 1702 dubitabit
622 1656 798 1708 dicere3
835 1670 970 1700 omne
997 1655 1113 1698 enim
1139 1672 1324 1715 corpus,
1363 1659 1487 1717 quod

109 1727 380 1772 extrinsecus
399 1733 623 1778 movetur,
654 1723 932 1777 inanimum,
962 1724 1078 1780 quod
1102 1734 1254 1768 autem
1272 1727 1487 1773 intrinse-

105 1813 185 1853 eus
202 1813 282 1858 per
303 1798 346 1838 se
363 1796 531 1854 ipsum,
559 1792 808 1837 animatum
839 1794 918 1839 est,
951 1792 1055 1849 quia
1080 1805 1241 1840 natura
1267 1795 1330 1838 ita
1357 1812 1487 1839 com-

106 1873 288 1925 paratus
321 1866 378 1907 est
403 1863 592 1906 animus.
640 1863 669 1905 si
696 1876 808 1903 vero
835 1875 905 1904 res
941 1861 995 1905 fic
1023 1863 1068 1904 se
1097 1861 1251 1916 habet,
1297 1872 1347 1907 ut
1375 1866 1488 1908 nihil

107 1934 227 1977 aliud
252 1935 298 1975 sit
317 1932 359 1975 id
382 1931 499 1989 quod
524 1931 567 1973 se
588 1930 734 1989 ipsum
752 1936 936 1971 moveat
962 1928 1040 1972 uifi
1056 1929 1253 1985 animus,
1291 1937 1489 1983 necessa-

106 1999 174 2043 rio
194 1999 406 2052 efficitur,
436 2008 487 2042 ut
505 2014 586 2042 nec
607 1999 778 2042 oriatur
799 2011 879 2039 nec
899 1991 1069 2041 occidat
1085 2000 1277 2042 animus.

219 2068 282 2110 Ac
303 2068 358 2110 de
378 2067 508 2126 ipsius
529 2067 709 2124 quidem
734 2065 1068 2110 immortalitate
1097 2069 1218 2121 satis,
1261 2069 1315 2111 tle
1341 2068 1486 2131 specie

108 2141 258 2178 autem
278 2134 338 2178 ita
363 2136 617 2188 dicendum,
647 2134 787 2190 qualis
809 2135 877 2185 fit,
909 2134 1114 2179 omnibus
1140 2136 1327 2180 omuino
1342 2137 1487 2180 modis

110 2202 287 2244 divinae
307 2206 390 2245 ess‘e
407 2203 657 2259 longaeque
687 2201 987 2259 expofitionis,
1024 2203 1097 2246 cui
1117 2219 1222 2247 vero
1251 2205 1400 2248 similis
1420 2206 1487 2258 fit,

108 2270 333 2313 humanae
350 2284 401 2311 ac
418 2270 651 2312 brevioris.
681 2269 738 2311 ita
767 2268 904 2324 igitur
935 2268 1146 2314 dicamus.
1205 2272 1370 2315 Similis
1398 2273 1487 2315 esto

110 2343 346 2380 concretae
365 2337 410 2380 vi
428 2336 715 2394 pinnatarum
736 2337 937 2393 bigarum
957 2346 1003 2380 et
1017 2340 1212 2396 aurigae.
1253 2341 1342 2382 iam
1376 2339 1487 2382 deo-

110 2420 214 2448 rum
234 2403 335 2458 equi
360 2412 404 2445 et
433 2404 614 2459 aurigae
643 2419 789 2446 omnes
818 2412 860 2446 et
877 2406 952 2464 ipfi
974 2405 1078 2450 boni
1108 2410 1209 2450 suut
1235 2415 1278 2450 et
1304 2423 1330 2450 a
1361 2407 1487 2451 bouis

110 2472 316 2523 oriundi,
346 2479 598 2514 ceterorum
620 2487 727 2514 vero
744 2471 886 2515 mixti.
919 2484 963 2515 et
982 2475 1178 2532 primum
1193 2475 1380 2533 quidem
1398 2490 1490 2518 no-

110 2541 184 2583 stri
204 2547 352 2581 rector
371 2539 620 2581 iumentum
644 2539 926 2595 moderatur,
955 2542 1112 2586 deinde
1132 2559 1350 2601 equorum
1371 2558 1487 2586 unus

110 2606 187 2666 ipsi
207 2607 417 2666 pulcher,
448 2606 588 2653 bonus
609 2614 653 2653 et
674 2624 699 2654 a
720 2609 877 2656 talibus
895 2612 1110 2658 oriundus
1134 2615 1215 2664 est,
1245 2612 1358 2655 alter
1377 2624 1486 2655 vero
