1696 2878
568 162 1231 213 anomaeoaas
1319 154 1349 167 ⁹
1536 167 1595 221 m

208 276 448 321 detrahere
469 273 680 324 moliens,
721 279 868 317 totum
890 272 999 317 iuml
1024 285 1208 321 carmen
1235 274 1364 331 fecit,
1401 284 1456 321 ut
1482 276 1598 323 mihi

207 343 406 406 videtui-3
435 344 526 391 iam
544 342 871 387 consideremus
891 338 999 385 illud
1021 343 1320 394 communiter
1334 359 1507 399 omnen,
1535 361 1597 391 au

207 428 367 458 verum
387 411 549 457 dicam.
577 411 722 455 statim
740 408 920 453 initium
940 410 1148 455 carminis
1168 409 1368 463 infinum
1385 412 1520 468 foret,
1548 415 1596 472 fi,

205 479 296 525 hoe
310 479 458 523 dicere
479 479 630 522 volens
644 510 657 528 ‚
695 478 890 523 arduum
911 482 996 523 effe
1015 479 1167 523 virum
1189 478 1359 527 bonu·
1377 483 1595 539 umere,

205 546 418 591 intulisset
439 547 647 607 quiderm
667 545 754 589 hoc
772 546 894 591 enim
919 549 1101 607 prorsa·
1122 547 1276 608 inepte
1291 549 1473 598 videtu·
1490 551 1596 596 illa-

207 623 304 660 tum
325 618 424 669 effe,
457 616 533 659 nisi
553 614 786 668 sumimus,
815 623 972 659 eontra
990 615 1146 659 Pittaci
1164 616 1337 661 dictum
1357 618 1476 674 quali
1490 634 1597 665 eet-
1640 654 1647 669 ,

203 690 376 727 tantem
398 682 520 741 loqui
538 683 842 733 Simonidem3
879 698 1044 741 nempe
1063 684 1233 727 Pittaco
1262 685 1464 729 dicente:
1501 687 1596 733 At«-

204 751 361 795 duum'
385 750 580 809 probum
609 753 716 802 effe,
767 751 1114 794 contendentem
1149 753 1296 810 ipsum
1339 766 1595 811 opponeret
1637 787 1641 789 -

202 820 304 864 Non
324 819 430 873 hoc,
473 818 546 861 sed
574 820 771 865 exsistere
788 819 974 879 quidem
1004 819 1155 862 virum
1192 820 1362 863 bonum
1394 823 1595 882 arduum¹

202 889 275 938 est,
298 887 477 937 pittace,
500 886 635 942 idque
657 903 775 938 vere,
796 903 887 931 non
906 903 1061 931 revera
1083 887 1274 940 bonum3
1306 904 1451 947 neque
1469 892 1594 935 enim

201 955 267 999 ita
284 954 391 998 dicit
405 970 532 1007 vere,
563 957 681 1014 quasi
701 955 775 999 alii
797 970 903 998 vere
929 955 1034 998 boni
1050 957 1146 1004 sint.
1176 956 1252 1001 nui
1275 956 1378 999 boui
1397 960 1593 1014 quidem,

199 1022 276 1066 sed
299 1038 389 1066 non
410 1037 516 1066 vere
537 1023 733 1078 (fatuum
756 1023 875 1067 enim
898 1024 984 1067 hoe
1005 1023 1248 1070 videretur.
1280 1040 1372 1068 nou
1392 1025 1594 1072 Simoni-

201 1091 271 1135 dia
299 1094 418 1141 effe),
450 1091 520 1134 sed
544 1092 776 1136 traiectum
799 1108 879 1152 nos
901 1101 1078 1152 oportet
1100 1094 1305 1152 accipere
1325 1093 1372 1137 in
1389 1095 1592 1139 ean-mine

199 1159 287 1205 hoc
309 1175 440 1211 vere,
473 1159 531 1202 ita
553 1158 647 1203 sen-e
663 1161 820 1205 Pittaci
839 1161 948 1205 illud
973 1161 1287 1219 intelligentes,
1326 1177 1378 1205 ac
1399 1160 1428 1206 si
1448 1178 1593 1220 pona·

198 1245 299 1274 mus
319 1229 539 1272 Pittacum
571 1229 692 1287 loqui
725 1238 768 1273 et
797 1230 1073 1274 Simonidem
1108 1228 1402 1291 respondere,
1433 1230 1593 1276 illum-

199 1311 287 1356 que
302 1297 475 1341 dice‘re:
508 1299 548 1339 O
571 1297 786 1351 homines,
809 1300 1002 1343 arduum
1024 1298 1219 1358 probum
1239 1301 1337 1351 esse,
1367 1298 1488 1344 hunc
1504 1315 1593 1344 au-

200 1372 291 1409 tem
313 1381 555 1425 reponere:
587 1367 628 1409 O
644 1366 830 1420 pittace,
851 1383 944 1410 non
962 1382 1120 1410 verum
1139 1366 1275 1420 dicia
1305 1382 1447 1426 neque
1467 1367 1590 1412 enim

200 1437 298 1486 effe,
328 1434 401 1477 sed
421 1435 617 1483 exsistere
635 1434 818 1491 quidem
842 1435 992 1478 virum
1010 1435 1196 1488 bonum,
1220 1435 1427 1479 manibus
1442 1444 1486 1478 et
1507 1451 1591 1496 pe-

200 1501 331 1545 dibus
357 1508 401 1543 et
423 1508 574 1543 mente
595 1502 889 1557 quadratum,
927 1503 1016 1543 flue
1042 1500 1272 1557 vituperio
1302 1500 1588 1554 fabricatum.

198 1571 393 1615 arduum
413 1584 534 1614 vere.
565 1576 700 1626 atque
721 1569 782 1611 ita
804 1567 983 1611 videtui·
1005 1565 1115 1611 mihi
1134 1569 1454 1613 convenienter
1476 1569 1590 1615 illud
1637 1583 1640 1585 ·

199 1637 386 1700 quidem
414 1636 582 1678 illatum
618 1644 660 1678 et
692 1652 798 1679 vere
827 1643 950 1678 recte
980 1634 1027 1676 in
1060 1634 1148 1677 fine
1173 1637 1364 1693 positum
1396 1640 1504 1691 effe;
1545 1645 1591 1683 et

197 1722 313 1765 quae
339 1706 580 1762 sequuntur
602 1703 753 1745 omnia
780 1700 1066 1745 testificantur
1097 1703 1157 1744 ita
1190 1706 1271 1746 esse
1291 1702 1473 1747 dictum.
1506 1722 1588 1750 co-

195 1774 318 1835 piose
336 1772 517 1830 quidem
554 1770 608 1813 de
629 1770 807 1828 lingulis
831 1771 874 1813 in
896 1769 982 1812 hoc
1002 1771 1202 1814 carmine
1221 1770 1345 1814 dictis
1363 1773 1589 1819 ostendere

194 1844 370 1894 liceret,
406 1855 537 1896 quam
564 1839 676 1882 bene
697 1838 799 1882 ficta
822 1843 956 1883 esseut
988 1843 1111 1892 (nam
1140 1836 1386 1883 admodum
1403 1843 1587 1886 venuste

197 1905 242 1955 et
268 1916 472 1953 accurate
499 1906 706 1961 habent),
745 1906 818 1949 sed
851 1908 1034 1963 longum
1062 1908 1119 1950 est
1147 1907 1234 1951 hoe
1263 1907 1324 1951 ita
1354 1910 1585 1967 pet-sequi3

193 1992 352 2021 verum
386 1983 523 2018 totam
557 1974 653 2019 eius
682 1975 905 2018 summam
935 1982 979 2016 et
1019 1976 1250 2021 confilium
1289 1975 1585 2035 declaremus,

196 2044 316 2105 quod
340 2044 521 2102 quidem
554 2042 758 2104 profecto
793 2043 905 2085 nihil
936 2041 1055 2085 aliud
1085 2044 1144 2086 est
1172 2043 1250 2087 nisi
1276 2044 1386 2098 hoc,
1423 2042 1586 2091 Pittaci

197 2114 362 2158 dictum
384 2119 530 2156 totum
554 2127 637 2172 per
657 2127 840 2155 carmen
869 2111 1079 2155 refutare.
1121 2111 1326 2170 loquitur
1355 2114 1475 2157 enim
1501 2115 1584 2158 de-

196 2182 301 2226 inde
320 2182 571 2240 paullulum
595 2182 847 2238 progreffus
868 2178 953 2230 ita,
983 2195 1034 2223 ac
1059 2180 1089 2223 fi
1118 2178 1266 2223 dicere
1291 2181 1423 2235 velit,
1464 2182 1583 2227 exfi-

195 2251 308 2294 stere
326 2249 508 2305 quidem
529 2248 676 2291 virum
705 2247 873 2291 bonum
894 2243 1083 2290 arduum
1105 2251 1189 2292 effe
1206 2263 1339 2303 vere,
1379 2258 1583 2294 attamen

195 2318 295 2363 fieri
322 2317 406 2359 hoc
422 2317 540 2374 posse
569 2324 690 2358 certe
721 2315 775 2359 ad
803 2325 1003 2374 tempus,
1043 2329 1180 2373 quum
1211 2331 1321 2360 vero
1351 2318 1581 2374 exstiteris,

193 2397 462 2446 permanere
483 2379 532 2425 in
553 2381 638 2424 hoe
659 2380 771 2428 statu
796 2391 840 2426 et
859 2384 941 2428 effe
957 2384 1104 2428 virum
1117 2382 1303 2438 bonum,
1328 2394 1380 2428 ut
1396 2394 1463 2438 tu,
1482 2385 1582 2430 Pit-

192 2462 310 2506 tace,
328 2452 453 2504 dicis,
474 2466 557 2493 nec
574 2450 773 2508 poffibile
795 2467 877 2494 nec
895 2452 1143 2496 humanum
1164 2452 1236 2506 est,
1256 2452 1332 2495 sed
1352 2453 1463 2497 «leus
1481 2453 1580 2510 fere

194 2523 314 2566 solus
334 2521 419 2562 hoc
439 2518 572 2561 habet
594 2517 814 2570 muneris,
852 2521 924 2564 vir
951 2522 1106 2565 autem
1132 2519 1244 2578 fieri
1281 2524 1440 2580 nequit
1468 2521 1578 2581 quin

194 2587 419 2648 malusfit
429 2620 445 2641 ,
471 2586 516 2648 fi
534 2587 906 2646 iteeapugmzbilia
928 2605 1033 2632 eum
1054 2588 1303 2633 calamitas
1315 2589 1577 2652 prostrave-

194 2659 271 2703 rit.
320 2672 451 2714 quem
479 2671 586 2702 vero
623 2656 981 2717 inexpugnabilis
1010 2658 1239 2703 calamitas
1268 2660 1504 2717 prosternit
1526 2655 1577 2701 in

255 2728 369 2768 Tem.
399 2726 435 2769 J.
1259 2723 1298 2770 F
