1696 2878
29 0 34 4 ’
48 0 243 21 *conquat-s*
263 0 285 19 ῃ
312 0 436 10 ›nv-v‘
453 3 465 13 ι
486 0 490 6 '
509 4 516 9 ι
542 0 555 27 1·
593 0 603 11 -·
623 16 625 21 ¹
793 0 812 6 ”
955 12 961 20 ,
1019 0 1022 2 ·
1055 0 1147 37 ”x

1151 40 1162 49 ι

539 142 1195 251 raorscoaas
1508 194 1566 255 Q

181 296 432 344 volueritis.
502 296 657 356 Atque
680 296 927 343 Alcibiades
955 298 1123 352 Immo,
1152 299 1341 360 ἦνμὴ,
1379 302 1564 364 Hippia,

181 366 291 410 illud
308 366 435 422 aliu‘,
462 380 609 420 nunc,
636 365 683 410 id
707 365 827 423 quod
847 368 1058 411 convenit
1078 367 1197 413 inter
1213 369 1503 439 Protagoram
1518 380 1567 417 et

181 434 427 488 Socratem,
444 441 635 494 oportet,
664 436 695 479 fi
714 423 985 491 Protagoras
995 435 1144 482 adhuc
1162 440 1260 485 volt
1274 439 1564 499 ίιίειτοειη,

180 502 408 548 Socratem
431 503 720 563 respondere,
760 504 821 548 fin
843 503 1014 548 Socrati
1047 505 1138 550 volt
1164 509 1455 567 respondere,
1487 509 1564 556 iu·

178 580 406 630 ten-rogare
423 572 629 616 alterum.
655 573 779 616 Tum
795 585 876 628 ego
890 572 1107 617 Permitto
1123 575 1379 631 equidem,
1363 591 1564 635 mquam,

177 640 445 697 Protagorae
471 647 822 698 utrumcumque
846 641 923 700 ipfi
954 642 1126 696 gratius
1150 643 1260 695 erit;
1298 646 1328 688 s1
1353 659 1459 689 vero
1483 644 1566 703 ipss

177 709 380 761 videtur,
420 708 476 752 de
496 707 769 753 carminibus
790 709 860 752 vel
886 709 1039 766 lyricis
1061 711 1131 753 vel
1158 712 1292 769 epicis
1317 713 1563 768 mittamus,

177 777 233 821 de
263 770 425 834 quibus
461 783 609 820 autem
639 775 839 834 priunum
879 784 924 819 te
957 777 1253 834 interrogavi,
1305 780 1563 838 Protagora,

173 845 285 888 haec
302 844 491 888 libenter
507 844 563 886 ad
588 843 728 887 finem
747 845 948 890 venerim
974 854 1124 890 tecum
1153 850 1448 907 perierutans.
1485 848 1565 892 vi-

176 912 308 956 detur
337 911 457 956 enim
486 912 598 957 mihi
622 914 769 957 sermo
798 914 872 971 qui
907 914 962 957 de
988 916 1103 974 poefi
1134 914 1184 958 fit
1210 916 1455 961 fimillimus
1478 920 1564 961 effe

174 979 389 1023 conviviis
408 980 565 1025 vilium
586 990 630 1025 et
647 982 925 1042 plebeiorum
944 983 1197 1030 hominum.
1228 1000 1333 1029 nam
1351 985 1414 1038 hi,
1442 999 1563 1044 quo-

171 1050 295 1092 niam
312 1064 404 1092 non
422 1054 599 1109 poss‘unt
616 1053 763 1094 secum
785 1067 867 1111 per
887 1053 932 1095 se
953 1056 1035 1097 effe
1050 1052 1096 1095 in
1119 1054 1468 1112 compotatione,
1485 1054 1564 1098 sua

171 1116 251 1175 ipfi
272 1131 378 1160 voce¹
400 1127 442 1161 et
459 1121 537 1162 suo
556 1120 633 1177 ipsi
661 1122 887 1167 sermone.
927 1129 1111 1180 propter
1142 1123 1317 1166 cultum
1346 1121 1562 1166 deficien-

172 1193 285 1239 tem,
315 1186 524 1245 pretiosas
546 1186 748 1232 efficiunt
767 1189 992 1242 tibicinas,
1032 1205 1195 1248 magna
1218 1189 1426 1234 mercede
1446 1205 1562 1234 con-

171 1253 383 1298 ducentes
401 1255 590 1299 alienam
612 1256 824 1301 tibiarum
841 1271 1017 1309 vocem,
1036 1272 1284 1316 earumque
1301 1274 1384 1318 per
1399 1274 1560 1303 vocem

171 1322 290 1366 iuter
310 1324 353 1364 se
381 1324 643 1376 versantur3
684 1324 762 1367 ubi
797 1341 905 1368 vero
935 1326 1106 1370 honesti
1131 1342 1182 1370 ac
1210 1327 1315 1370 boni
1345 1327 1561 1371 convivae

173 1399 218 1435 et
235 1391 398 1434 eruditi
420 1393 547 1444 suut,
585 1407 668 1435 nec
690 1393 892 1436 tibicinas
911 1394 1085 1436 videbis
1110 1411 1193 1438 nec
1220 1396 1460 1439 saltatrices
1477 1410 1560 1438 nco

171 1459 385 1511 fidicinas,
414 1458 487 1503 sed
506 1474 580 1500 eos
596 1459 923 1503 animadvertes
944 1461 1064 1503 inter
1082 1463 1126 1504 se
1145 1463 1313 1506 versari
1335 1466 1453 1519 pofl'e
1468 1464 1559 1507 fine

171 1528 304 1584 nugis
324 1542 374 1569 ac
393 1526 508 1568 ludis
526 1526 613 1569 istis
633 1527 711 1568 sua
730 1527 846 1583 ipsos
865 1542 989 1574 voce,
1022 1535 1064 1570 ct
1090 1528 1283 1571 dicentes
1301 1537 1347 1571 et
1364 1529 1562 1573 audien-

170 1604 235 1639 tes
257 1597 299 1637 se
318 1595 498 1638 alternis
517 1595 691 1645 ordine,
713 1595 878 1638 etiamsi
896 1597 1094 1639 multum
1112 1596 1208 1639 vini
1225 1596 1436 1640 biberint.
1467 1598 1559 1641 hu-

169 1663 364 1708 iusmodi
383 1662 502 1705 inter
520 1664 743 1706 societates
764 1662 946 1720 quando
967 1671 1125 1706 nactae
1143 1665 1246 1707 sunt
1268 1666 1422 1719 viros,⁴
1439 1681 1558 1723 qua-

167 1734 233 1777 les
253 1730 438 1790 plurimi
459 1732 656 1774 nostrum
677 1732 719 1772 se
738 1731 893 1774 dicunt
912 1735 1017 1784 effe,
1055 1746 1202 1789 neque
1223 1732 1426 1790 indigent
1443 1735 1558 1779 alie-

167 1816 252 1844 nae
273 1800 395 1843 vocis
421 1814 566 1856 neque
592 1806 850 1858 poetarum,
891 1814 1002 1856 quos
1026 1798 1302 1857 interrogare
1334 1817 1425 1844 nou
1450 1802 1557 1846 licet

168 1870 225 1912 de
239 1869 291 1912 iis
310 1883 424 1926 quae
443 1867 611 1921 dicunt,
636 1867 843 1924 quocirca
864 1867 942 1924 qui
961 1882 1033 1910 eos
1051 1867 1251 1912 afferunt
1267 1869 1316 1912 iu
1335 1870 1556 1914 sermoni-

165 1937 248 1981 bus
275 1937 347 1980 alii
375 1936 493 1979 aliud
517 1942 674 1994 poetae
701 1937 975 1994 propofitum
1004 1935 1131 1979 fuifl‘e
1152 1937 1460 1991 contendunt,
1495 1938 1556 1983 do

165 2022 218 2050 re
251 2005 554 2062 colloquentes
585 2020 722 2062 quam
757 2004 892 2047 nullis
923 2004 1116 2062 probare
1141 2005 1420 2062 argumentis
1446 2008 1556 2067 pos-

164 2076 291 2130 sunt3
339 2082 385 2117 at
409 2072 667 2116 huiusmodi
695 2072 924 2115 societates
953 2071 1098 2115 miffas
1123 2071 1323 2127 faciunt,
1361 2074 1441 2134 ipfi
1466 2090 1556 2120 au-

167 2150 259 2185 tem
286 2144 436 2185 secum
459 2156 542 2199 per
571 2142 615 2183 se
641 2142 764 2194 sunt,
803 2139 1056 2199 periculum
1081 2140 1149 2184 sui
1178 2149 1223 2184 et
1248 2141 1460 2186 facientes
1476 2142 1555 2187 in·-

166 2219 237 2253 ter
271 2210 316 2251 se
345 2218 389 2252 et
417 2209 515 2252 fieri
536 2211 738 2252 finentes.
777 2209 885 2251 tales
906 2207 1017 2251 mihi
1039 2208 1188 2266 potius
1207 2209 1456 2254 videntur'
1442 2211 1554 2255 uni-

165 2277 292 2322 tandi
319 2280 402 2320 effe
429 2284 472 2319 et
499 2277 611 2319 mihi
631 2284 673 2318 et
703 2276 805 2329 tibi,
844 2277 906 2319 ita
925 2284 977 2320 ut
999 2276 1143 2335 poetis
1163 2277 1345 2320 remotis
1365 2293 1467 2358 per
1469 2293 1552 2323 non

164 2346 282 2404 ipsos
322 2343 461 2385 verba
487 2342 719 2397 faciamus,
769 2345 865 2387 ve1i
894 2344 1118 2401 nostrique
1146 2345 1347 2404 ipsorum
1368 2335 1554 2405 pericu-

164 2413 263 2456 lum
292 2411 518 2454 facientes.
561 2419 604 2454 et
621 2413 651 2454 fi
671 2413 819 2457 adhuc
847 2412 914 2455 vis
930 2412 1226 2471 interrogare,
1251 2429 1328 2457 me
1354 2414 1435 2458 tibi
1465 2414 1552 2458 de·-

166 2482 271 2525 dam
301 2481 357 2523 ad
384 2478 769 2538 respondendum,
815 2482 877 2524 fin
904 2481 993 2524 hoc
1016 2481 1179 2534 mavis,
1217 2489 1267 2524 tu
1295 2482 1408 2526 mihi
1439 2497 1552 2542 per-

163 2550 312 2602 mitte,
343 2556 426 2605 ut,
463 2549 755 2607 quae-media
784 2549 1024 2596 destitimus
1051 2550 1278 2610 persequi,
1322 2550 1376 2598 iis
1408 2550 1549 2600 finem

162 2632 412 2678 unponam.
