1696 2878
0 0 17 155 ἓ

0 184 4 211 ἰ

684 61 1074 115 ΡΗΑΒΒΟ
1490 76 1575 131 585

175 182 301 213 nem.
361 167 498 218 Vera.-
549 169 707 230 Neque
734 171 892 229 otiam,
934 182 988 220 ut
1011 191 1040 220 a
1069 170 1315 228 Phaedone
1338 180 1573 241 raperetur

176 245 419 296 propterea
436 238 761 297 quod-Phaedo
778 243 828 286 fit
850 243 1051 301 Phaedo,
1093 246 1166 291 sed
1195 247 1325 308 quod
1341 252 1573 310 magnitu-

176 306 330 350 dinem
346 307 510 362 habeat
527 308 704 353 Phaedo
722 310 778 354 ad
800 309 1019 357 Simmiae
1038 316 1321 375 parvitatem.
1348 318 1442 366 'Est
1459 335 1570 366 vero

172 374 252 420 ita.
311 376 438 420 Hanc
458 374 598 431 igitur
616 376 673 420 ob
689 379 866 424 causam
886 380 1096 428 Simmiaa
1114 383 1443 433 nominatur-ct
1455 404 1572 449 par-

172 455 258 487 vus
275 450 320 485 et
341 457 557 501 magnua,
587 445 694 504 quia
718 448 887 492 medius
910 452 969 494 est
990 450 1107 495 inter
1124 462 1398 512 utrumque,
1432 456 1570 504 onina

167 511 439 572 parvitatem
460 513 769 572 magnitudine
789 518 1017 577 superans,
1047 522 1174 565 alteri
1191 537 1302 566 vero
1321 525 1568 572 concedat·

168 587 222 623 ut
239 579 332 623 eius
353 580 615 637 magnitudo
634 585 812 645 superet
828 588 1113 646 parvitatem.
1144 591 1290 649 Atque
1309 594 1438 638 timul
1459 592 1568 639 rub-

166 648 317 692 ridens
335 650 525 701 Videor,
555 652 726 710 inquit,
765 656 837 699 vel
870 655 1027 715 putide
1056 659 1305 718 explicare,
1342 661 1462 719 quati
1491 670 1567 707 ta-

165 717 293 760 bellis
313 717 548 781 obfignatis
568 735 724 778 agam3
753 724 826 767 sed
846 731 997 768 tamen
1015 724 1100 778 ita,
1130 728 1318 788 opinor,
1360 728 1495 773 habet
1511 737 1566 776 ut

163 786 278 830 dico.
335 786 532 830 Affenfit.
599 790 711 833 Dico
740 799 891 836 autem
917 792 1028 839 haec
1059 804 1300 855 propterea
1326 797 1448 856 quod
1478 797 1564 846 tibi

159 853 281 901 idem
304 855 436 913 cupio
462 856 608 900 visum
636 860 756 916 quod
786 861 925 914 mihi3
956 862 1066 906 mihi
1097 865 1218 908 enim
1252 866 1434 912 videtur
1461 881 1560 912 non

160 924 252 981 ipsa
270 924 405 966 modo
425 925 686 980 magnitudo
708 929 832 972 nullo
865 945 1081 989 umquam
1114 932 1249 975 modo
1276 934 1398 979 velle
1426 934 1558 980 timul

157 1005 319 1048 magna
342 999 385 1034 et
399 1007 548 1049 parva
577 997 685 1044 effe,
725 1012 885 1041 verum
914 999 1050 1042 etiam
1077 1000 1338 1054 magnitudo
1363 1015 1479 1059 quae
1507 1003 1557 1047 in

156 1058 287 1103 nobis
308 1060 366 1101 est
390 1074 640 1117 numquam
658 1061 860 1123 recipere
881 1080 1077 1126 parvum
1099 1082 1247 1125 neque
1267 1068 1385 1112 valle
1417 1070 1557 1129 supe-

136 1119 264 1182 ’πεινῇ
290 1127 362 1171 sed
382 1129 649 1171 alterutrum
670 1132 871 1190 evenire,
900 1140 953 1176 ut
970 1135 1041 1176 vet
1059 1133 1202 1190 fugiat
1218 1136 1352 1195 seque
1367 1136 1554 1183 subtra-

139 1197 256 1250 .hat‚
285 1198 315 1238 fi
335 1196 376 1237 ei
391 1195 574 1238 accedat
593 1199 900 1251 contrarium,
928 1212 1147 1259 parvum,
1182 1202 1283 1256 vel,
1321 1218 1463 1261 quum
1491 1206 1552 1251 it·-

151 1264 230 1308 lud
250 1262 482 1311 accesserit,
514 1262 727 1316 intereat3
757 1268 979 1314 sustinens
998 1284 1110 1312 vero
1129 1282 1182 1315 ac
1197 1270 1421 1331 recipiens
1439 1288 1549 1332 par.

152 1332 339 1376 vitatem
361 1347 454 1374 nou
475 1322 595 1374 velle
611 1333 737 1377 aliud
766 1339 850 1386 effe
868 1352 1005 1395 quam
1023 1339 1142 1395 quod
1171 1337 1285 1392 fuit3
1325 1342 1548 1397 quemad-

150 1400 342 1444 modum
364 1414 463 1457 ego,
490 1401 709 1459 recipiens
733 1418 785 1446 ac
806 1404 1024 1448 sustinens
1040 1406 1315 1464 parvitatem
1334 1407 1547 1468 idemque

150 1483 336 1513 manens
366 1469 444 1525 qui
474 1470 598 1523 sum,
647 1485 815 1528 parvus
847 1474 972 1528 sum,
1025 1474 1101 1518 illa
1132 1489 1245 1519 vero
1275 1476 1544 1535 neutiquam

148 1527 349 1588 sustinet]
381 1551 522 1595 quum
543 1554 707 1594 magna
729 1541 792 1591 sit,
821 1555 1010 1598 parvam
1033 1543 1078 1588 se
1093 1546 1189 1587 effe.
1218 1543 1378 1591 eodem
1401 1546 1541 1591 modo

150 1605 286 1648 etiam
303 1620 501 1663 parvum
523 1607 642 1666 quod
673 1609 721 1651 in
739 1609 869 1653 nobis
897 1611 1005 1654 inest
1031 1625 1281 1670 numquam
1313 1613 1412 1659 vult
1436 1622 1543 1659 'ma-

146 1688 289 1732 gnum
309 1673 408 1718 fieri
426 1676 499 1718 vel
518 1680 623 1731 effe,
652 1692 735 1720 nec
764 1678 885 1721 aliud
914 1679 1020 1736 quid
1049 1680 1104 1722 de
1137 1680 1397 1736 contrariis,
1435 1697 1540 1728 ma·

145 1757 260 1787 nens
275 1736 319 1785 id
341 1742 461 1799 quod
484 1751 604 1797 erat,
641 1746 766 1788 fimul
788 1749 1065 1791 contrarium
1087 1756 1134 1792 et
1149 1748 1250 1793 fieri
1268 1758 1310 1793 et
1327 1753 1436 1800 effe,
1465 1751 1537 1796 sed

145 1819 224 1854 aut
241 1810 428 1854 discedit
449 1819 529 1854 aut
548 1811 700 1857 interit
723 1814 770 1856 in
791 1814 876 1858 hoc
893 1818 1009 1861 casu.
1066 1819 1269 1873 Prorsus,
1300 1819 1363 1862 ait
1378 1818 1535 1874 Ceben,

143 1879 208 1923 ita
227 1878 340 1922 mihi
357 1878 547 1923 videtur.
598 1882 720 1926 Tum
743 1882 901 1937 aliquis
919 1884 975 1928 de
997 1885 1052 1928 iis
1070 1879 1362 1941 qusaderant,
1390 1903 1535 1947 quum

143 1947 257 1992 haec
277 1946 509 1993 audivisset
529 1951 651 2005 (quis
673 1949 829 2004 fuerit,
859 1967 951 1996 non
972 1955 1083 2012 satis,
1093 1953 1295 2014 memini)
1316 1956 1391 2001 Dii
1410 1956 1534 2012 b'oni,

141 2016 313 2075 inquit,
342 2031 492 2060 nonne
511 2016 559 2060 in
587 2020 845 2077 praegresfis
871 2022 1147 2069 sermonibus
1171 2021 1322 2085 ipsum
1350 2034 1533 2071 coutra-

141 2085 263 2128 rium
292 2085 386 2129 eius
415 2086 536 2142 quod
563 2102 685 2130 nunc
714 2087 882 2134 dicitur
908 2091 1254 2147 concedebatur,
1303 2108 1330 2136 e
1353 2095 1532 2141 minore

140 2153 286 2197 maius
306 2153 407 2197 ficri
427 2161 472 2197 et
491 2169 515 2196 e
535 2156 708 2199 maiore
725 2157 899 2211 miuus,
929 2166 973 2202 et
998 2175 1158 2208 revera
1181 2162 1298 2206 hano
1316 2165 1408 2210 effe
1417 2178 1530 2206 con-

139 2221 385 2265 trariorum
397 2224 731 2280 generationem
744 2258 756 2279 ‚
788 2241 813 2269 e
832 2230 1096 2279 contrariis?
1122 2245 1247 2276 nunc
1266 2246 1376 2276 vero
1400 2231 1530 2275 vide-

140 2297 215 2334 tur
235 2290 347 2333 mihi
367 2289 454 2333 aiei
480 2290 526 2333 id
546 2306 794 2350 numquam
814 2294 918 2339 fieri
944 2301 1074 2354 posse.
1129 2301 1280 2359 Atque
1308 2300 1525 2352 Socrates,

139 2359 285 2417 capite
301 2359 481 2402 admoto
501 2375 644 2417 quum
661 2361 748 2404 hoc
768 2363 1022 2420 audivisset,
1049 2367 1217 2418 Probe,
1246 2368 1410 2424 inquit,
1440 2366 1525 2410 ad-

138 2427 373 2480 monuisti3
422 2443 566 2485 neque
588 2437 741 2473 tamen
770 2431 975 2492 intelligis
1002 2435 1109 2493 quid
1136 2437 1303 2479 intersit
1335 2435 1452 2483 inter
1477 2433 1525 2476 id

140 2496 257 2554 quod
278 2511 400 2541 nunc
419 2496 583 2544 dicitur
601 2507 647 2544 ct
669 2500 789 2546 inter
806 2500 853 2546 id
874 2503 993 2563 quod
1010 2512 1108 2554 tum
1126 2504 1392 2567 ponebatur.
1422 2509 1521 2550 tum
