1696 2878
485 137 1142 221 Paor'AGoazas
1428 188 1511 220 m

128 287 348 346 luptatem
366 291 413 328 et
430 282 603 342 reliqua
617 281 769 328 omnia
782 314 796 336 ‚
835 295 914 324 voa
938 289 1093 328 antam
1110 281 1339 338 diceretis,
1377 283 1515 327 volu-

126 363 301 414 ptatem
329 355 456 412 saepe
487 353 701 411 superare
729 350 862 396 etiam
888 350 1104 396 scientem
1131 350 1386 406 honinem,
1427 351 1515 396 hoc

127 425 264 482 igitur
285 437 425 482 quum
446 419 576 465 vobis
605 436 698 466 non
726 419 1099 473 concederemna,
1135 419 1344 482 deincep·
1371 420 1515 465 inter-

128 492 305 550 rogastis
323 506 404 536 nos
434 491 476 534 Ο
496 490 741 548 Protagora
757 497 799 533 et
816 489 1023 542 Socrate,
1063 490 1094 534 fi
1114 489 1224 533 haec
1245 502 1337 537 non
1362 491 1424 536 est
1442 488 1517 534 af-

128 561 263 605 fectio
291 560 366 605 illa
385 558 610 618 voluptati
637 557 982 612 succumbendi,
1029 571 1146 615 quae
1172 558 1351 602 tandem
1378 558 1439 604 est
1469 564 1519 603 et

128 644 264 687 quam
283 644 362 672 vos
384 627 528 672 dicitis
547 642 645 671 eam
669 626 784 671 effe?
823 625 995 686 aperite
1021 625 1164 670 nobib-
1195 627 1224 668 fi
1257 635 1355 670 tum
1374 625 1517 671 statim

126 696 253 741 vobis
272 696 552 747 dixissemus,
580 694 857 740 inscientiam
879 697 978 741 effe,
1008 708 1090 737 noa
1109 692 1364 748 derisiffetis,
1393 711 1519 742 nune

125 781 260 820 vero,
292 766 322 810 fi
341 780 422 809 nos
443 762 675 815 deridetis,
713 760 846 805 etiam
871 761 1085 820 vosipsos
1112 760 1394 814 deridebitiu
1434 779 1517 808 voa

126 835 247 877 enim
269 831 540 883 concessistis,
557 829 766 873 scientiae
786 829 939 889 inopia
957 844 1144 889 peccare
1159 829 1208 874 in
1227 831 1516 890 voluptatum

125 911 172 946 et
192 902 399 947 dolorum
418 898 632 943 electione
659 913 732 942 eos
761 898 838 957 qui
864 907 1101 958 peccarent
1128 899 1264 952 (haec
1281 915 1394 944 vero
1416 901 1518 945 sunt

124 971 245 1014 bona
263 977 308 1012 et
323 967 479 1021 mala),
521 975 565 1011 et
593 983 685 1011 uon
715 968 858 1012 solum
888 967 1118 1020 scientiae,
1159 968 1232 1012 sed
1263 968 1426 1022 etiam,
1465 978 1517 1014 ut

124 1038 314 1083 ulterius
334 1036 606 1090 conceffistis‚
629 1036 842 1080 metiendi
860 1035 1066 1080 scientiae
1081 1036 1255 1096 inopia3
1279 1047 1518 1097 peccatum

123 1115 270 1152 autem
301 1098 478 1150 scientia
506 1104 690 1148 absente
716 1103 795 1163 ipsi
824 1104 946 1147 haud
979 1103 1115 1147 dubie
1141 1103 1256 1148 scitia
1283 1106 1518 1152 inscientia

123 1174 370 1228 committi3
413 1173 625 1231 quocirca
645 1173 868 1232 voluptati
884 1172 1174 1217 succumbere
1197 1174 1428 1219 inscientia
1458 1176 1518 1220 est

123 1245 346 1297 maxima3
385 1243 509 1289 cuius
535 1241 718 1300 quidem
757 1240 831 1284 hic
860 1242 1123 1300 Protagoras
1153 1248 1199 1285 et
1229 1242 1444 1287 Prodicus
1470 1250 1517 1286 et

123 1312 310 1372 Hippias
337 1313 381 1356 se
406 1311 676 1371 profitentur
706 1311 901 1355 medicos
929 1314 1038 1365 effe,
1086 1326 1165 1354 voa
1190 1319 1369 1363 autem,
1409 1311 1518 1369 quia

125 1381 332 1433 censetis,
370 1381 490 1423 aliud
513 1380 619 1437 quid
651 1383 734 1422 effe
754 1395 890 1437 quam
920 1379 1224 1431 inscientiam,
1262 1394 1411 1437 neque
1438 1379 1516 1438 ipsi

125 1448 331 1492 acceditis
357 1464 504 1504 neque
524 1448 637 1491 filios
656 1447 823 1488 vestros
842 1446 1020 1488 mittitis
1049 1447 1106 1489 ad
1136 1447 1273 1490 huius
1303 1447 1516 1491 scientiae

124 1515 355 1571 magistros
375 1515 508 1558 hosce
543 1514 778 1571 sophistas,
817 1525 915 1554 eam
945 1514 1095 1557 doceri
1123 1529 1216 1557 non
1245 1517 1365 1572 poffe
1390 1514 1518 1558 arbi-

124 1592 316 1636 trantes;
347 1590 417 1637 at,
455 1582 556 1640 quia
575 1581 814 1639 pecuniam
837 1580 1001 1623 curatis
1021 1596 1104 1624 nec
1123 1581 1193 1625 hia
1219 1581 1358 1636 datis,
1395 1582 1516 1628 male

124 1651 359 1695 vobiscum
383 1651 528 1709 agitur
546 1658 590 1692 et
606 1650 820 1708 privatim
839 1656 882 1690 et
903 1648 1094 1706 publice.

236 1720 302 1765 Ac
334 1720 445 1762 haec
473 1719 655 1775 quidem
684 1716 962 1760 multitudini
993 1718 1386 1776 responderemus„
1430 1734 1513 1764 voa

124 1797 273 1833 autem
292 1804 392 1832 cum
404 1787 644 1844 Protagora
663 1786 905 1843 interrogo,
927 1785 1092 1845 Hippia
1108 1787 1346 1831 etProdice
1365 1793 1514 1842 (com-

122 1858 274 1902 munis
293 1856 411 1900 enim
435 1856 519 1899 esto
540 1854 664 1898 vobis
681 1855 868 1911 sermo),
907 1862 1063 1898 utrum
1085 1854 1242 1902 videar
1259 1856 1386 1900 vobis
1402 1873 1514 1901 vera

123 1927 283 1977 dicere,
308 1942 366 1971 an
385 1925 583 1970 mentiri.
612 1924 784 1967 Mirum
805 1939 938 1980 quam
962 1938 1075 1967 vera·
1090 1923 1202 1968 haec
1220 1924 1339 1968 dicta
1358 1925 1515 1970 omni-

121 1995 205 2038 bus
226 1995 314 2038 visa
331 1995 448 2038 sunt.
507 1992 758 2036 Conceditis
779 2007 898 2049 ergo,
928 1990 1127 2048 inquam,
1156 1993 1406 2039 iucundum
1426 1998 1511 2039 effe

120 2063 317 2116 bonum,
356 2064 710 2107 acerbumvvero
746 2062 942 2112 maluin3
988 2060 1122 2105 huius
1147 2062 1324 2108 Prodici
1355 2071 1530 2108 autem·

119 2132 368 2175 verborum
391 2131 722 2175 distinctionem
744 2128 982 2185 deprecor3
1011 2130 1097 2173 five
1117 2129 1240 2174 enim
1261 2130 1510 2176 iucundum

120 2201 212 2242 five
232 2200 366 2242 suave
399 2199 506 2243 dicis
522 2201 611 2242 five
630 2200 797 2241 laetum
819 2198 904 2238 {ive
934 2196 1055 2240 uude
1074 2205 1118 2241 et
1136 2199 1364 2256 quomodo
1382 2200 1510 2258 gestia

121 2267 225 2311 talia
250 2268 502 2325 appellare,
541 2265 711 2324 optime
734 2266 945 2320 Prodice,
982 2280 1033 2309 eo
1062 2275 1195 2312 utem
1226 2268 1284 2311 ad
1313 2268 1358 2312 id
1387 2267 1510 2326 quod

122 2336 229 2380 volo
248 2334 476 2392 responde.
533 2332 696 2376 Ridens
717 2333 929 2377 Prodicus
951 2334 1191 2386 consensit,
1221 2337 1329 2380 ficut
1347 2335 1510 2395 reliqui

123 2418 316 2464 quoque.
364 2401 487 2461 Quid
508 2415 634 2450 vero,
663 2417 691 2444 o
713 2402 816 2454 viri,
846 2402 1044 2460 inquam,
1071 2402 1192 2447 hoc?
1221 2404 1373 2448 omnia
1391 2420 1508 2463 quae

123 2473 320 2530 agimus,
350 2479 402 2513 ut
417 2471 504 2513 fine
524 2468 678 2512 dolore
698 2477 743 2512 et
759 2470 955 2514 iucunde
971 2470 1204 2527 vivamus,
1232 2489 1382 2517 nonne
1399 2474 1506 2532 pul-

123 2541 233 2584 chra
253 2541 376 2590 sunt,
407 2537 644 2596 pulchrum
663 2552 775 2581 vero
796 2553 906 2596 opus
919 2538 1094 2601 ,bonum
1113 2550 1159 2585 et
1175 2542 1285 2585 utile
1305 2543 1392 2585 est?
1420 2541 1507 2587 Vi-

122 2609 219 2651 sum
247 2609 304 2650 est
323 2605 422 2650 illis.
463 2605 510 2648 Si
534 2604 696 2661 igitur,
725 2605 934 2664 inquam,
962 2607 1211 2653 iucundum
1234 2610 1293 2652 est
1315 2609 1504 2662 bonum,

120 2690 256 2719 nemo
285 2688 430 2732 neque
466 2673 602 2716 sciens
628 2688 776 2731 neque
811 2674 1033 2720 arbitrans
1064 2678 1152 2721 alia
1184 2678 1375 2722 meliora
1405 2680 1502 2728 effe,
