1696 2878
507 148 1188 236 rnoeroaas
1501 189 1560 236 ω

169 290 322 345 meum
348 303 432 346 effe
451 295 500 345 in
520 292 696 359 pa'rtem
717 297 875 342 venire
890 290 1145 355 colloquiis
1160 293 1259 344 Nee
1280 312 1416 355 veno,
1444 298 1563 344 Pro-⁴

171 378 350 427 tagora,
379 369 592 428 inquam,
621 367 773 412 sedulo
795 367 838 411 id
869 380 974 426 ego,
1013 374 1066 409 ut
1092 373 1270 425 pueta-
1294 368 1562 413 sententiam

169 446 293 483 tuam
311 437 600 486 disseramus,
638 436 711 482 sed
741 438 772 480 fi
798 434 997 480 volueris
1028 449 1082 479 en.
1111 434 1564 497 rationedbputare,

170 521 258 564 qua
276 506 481 563 sublequi
512 507 710 565 potrum,
750 504 814 548 ita
846 506 1099 548 sermonem
1126 512 1278 548 tecum
1302 504 1565 557 canteram,

170 590 275 620 nam
299 583 345 618 tu
367 573 547 632 quidem
561 605 574 626 ‚
614 580 666 615 ut
685 572 850 616 dicitur
868 574 924 616 de
941 580 986 616 te
1005 574 1186 631 ipseque
1213 570 1302 624 ain,
1333 572 1567 637 orationi-

168 644 253 691 bus
285 650 378 686 tam
406 640 550 698 longia
579 654 717 698 quem
749 634 961 684 brevibus
989 648 1119 700 potes
1147 639 1367 696 colloquia
1393 626 1566 686 saed-ez

167 712 344 772 sapiens
372 709 492 753 enim
518 723 587 751 οι.
629 715 710 765 ego
738 721 853 750 vero
880 722 974 751 non
998 707 1120 766 potia
1152 709 1253 751 sum
1283 708 1439 765 longa·
1467 709 1568 753 illu

168 779 356 833 habere,
387 784 664 835 quamquam
690 775 851 819 vellem
870 789 946 819 me
964 775 1010 818 id
1031 776 1198 820 valere.
1240 782 1286 821 et
1304 777 1506 833 oportuit
1523 783 1568 819 te

168 849 297 893 nobis
318 845 581 899 concedere,
612 859 750 902 quum
771 852 1016 901 utrumque
1032 844 1194 897 valeat,
1223 851 1276 888 ut
1291 843 1568 903 colloquium

166 919 415 969 sereretur3
454 927 577 957 nunc
598 927 730 963 vero.
769 913 987 971 quoniam
1007 926 1098 957 non
1115 911 1185 954 vin
1206 918 1252 954 et
1269 925 1350 968 ego
1369 926 1568 972 occup·-

165 986 289 1030 tione
309 985 458 1043 aliqua
477 980 719 1036 distineor,
749 996 832 1026 nec
854 985 1025 1040 potrum
1048 995 1235 1025 manere
1249 979 1373 1039 apud
1396 989 1442 1025 te
1460 997 1569 1025 orn-

166 1054 368 1099 tionesin
385 1051 716 1110 longitudinem
737 1050 1058 1095 extendentem
1070 1049 1239 1107 (aliquo
1257 1048 1382 1093 enim
1402 1065 1480 1094 me
1497 1050 1569 1094 ire

165 1119 362 1183 oportet)
389 1120 493 1175 ib03
541 1134 822 1180 qumquam
853 1119 965 1163 haec
992 1133 1172 1177 quoque
1206 1116 1403 1162 libenter
1431 1132 1489 1162 ex
1520 1125 1568 1161 te

167 1188 428 1234 audiverim.
1399 1243 1403 1248 .

282 1257 565 1317 Simulatque
613 1258 726 1302 haee
764 1258 968 1302 dixeram
986 1290 999 1313 ,
1035 1258 1212 1302 surrexi
1242 1256 1472 1310 abitur-un
1519 1263 1569 1298 at

167 1341 310 1384 quum
345 1327 600 1384 surgerem,
646 1326 810 1371 Callias
849 1341 988 1370 manu
1019 1342 1095 1371 me
1126 1325 1366 1388 prehendit
1403 1324 1570 1369 dextre.

169 1397 268 1446 sua,
307 1395 469 1438 finisti-a
491 1411 598 1438 vero
617 1393 914 1454 apprehendit
930 1394 1072 1438 -hooee
1087 1395 1276 1453 pallium
1308 1400 1355 1436 et
1370 1394 1473 1438 Nou
1493 1390 1570 1435 ‹li-

167 1461 399 1505 mittemus
423 1468 480 1513 te,
509 1459 672 1518 inquit,
703 1460 907 1512 Socrat03
938 1476 1043 1504 nam
1066 1462 1164 1504 fitu
1185 1460 1442 1515 discesseris,
1470 1473 1569 1503 ιιοιι

169 1538 264 1572 tam
284 1529 399 1571 bene
420 1529 547 1571 nobis
570 1530 793 1572 sermones
815 1528 1119 1571 conserentur.
1150 1528 1359 1586 quocirca
1386 1535 1431 1570 te
1452 1541 1571 1585 rogo

170 1607 306 1655 atque
327 1611 407 1639 oro
423 1629 435 1650 ,
465 1605 515 1638 ut
538 1596 656 1655 apud
683 1611 762 1639 nos
782 1609 991 1643 maneasz
1022 1597 1251 1639 neminem
1274 1596 1395 1639 euim
1416 1595 1570 1640 liben-

168 1668 255 1710 tius
287 1664 563 1717 audiverim,
613 1678 750 1720 quam
790 1671 835 1705 te
869 1669 912 1704 et
943 1662 1232 1720 Protagoram
1262 1664 1569 1723 disputanteeg

170 1732 555 1792 age‚g1atificare
578 1732 707 1775 nobis
731 1731 953 1775 omnibus.
1012 1730 1134 1774 Tum
1154 1745 1239 1787 ego
1266 1733 1382 1787 (iam
1412 1735 1570 1778 sun-e·-

169 1819 328 1850 xeram
351 1802 677 1853 discessurus):
704 1801 744 1843 Ο
767 1800 831 1843 fili
856 1798 1118 1858 Hipponici‚
1149 1801 1326 1860 semper
1346 1810 1474 1846 tuam
1494 1801 1568 1844 di-

168 1871 314 1920 scendi
339 1869 628 1930 cupiditatem
651 1868 866 1911 admirari
886 1868 1016 1921 soleo,
1040 1870 1146 1926 quin
1167 1870 1302 1913 etiam
1323 1885 1444 1915 nuno
1462 1885 1566 1914 eam

171 1936 214 1982 e‘t
232 1940 363 1983 laudo
386 1951 430 1982 et
447 1954 574 1991 am03
598 1937 807 1995 quocirca
822 1953 844 1978 v
838 1936 980 1979 ellem
1000 1935 1080 1979 tibi
1097 1937 1356 1995 gratificari,
1376 1939 1419 1987 fi,
1442 1938 1567 1997 quod.

120 2050 121 2053 ,
169 2009 366 2054 valerem
381 2041 393 2062 ,
424 2022 498 2051 me
517 2021 726 2064 rogarem
758 2020 876 2048 nunc
897 2020 1005 2068 vero
1026 2004 1088 2065 ita
1109 2007 1169 2049 est
1190 2007 1313 2064 quafi
1328 2022 1405 2051 me
1425 2022 1566 2067 roga,

126 2072 131 2078 ’
171 2085 224 2120 ut
250 2076 481 2120 Crifonem
510 2074 823 2127 Himeraeum‚
871 2074 1093 2118 cursorem
1123 2083 1356 2133 vegetum,
1406 2077 1567 2119 conse-

174 2158 315 2201 quar,
359 2145 432 2187 vel
461 2159 564 2186 cum
595 2143 744 2200 aliquo
776 2141 908 2184 exiis
944 2137 1021 2200 qui
1058 2142 1337 2190 cun-iculum
1376 2145 1564 2203 longum

176 2211 470 2263 emetiamur,
510 2219 589 2254 aut
615 2227 669 2254 ex
691 2211 742 2253 iis
762 2211 836 2268 qui
861 2206 1014 2268 ingens
1037 2225 1128 2254 uno
1149 2210 1221 2255 die
1243 2213 1435 2272 spatium
1453 2229 1566 2272 per-

175 2287 391 2327 currunt,
421 2280 551 2321 cursu
577 2287 743 2322 certem
765 2293 958 2335 eumque
976 2281 1246 2336 consequen
1294 2280 1416 2340 quod
1437 2283 1466 2326 fi
1488 2297 1564 2326 me

174 2362 329 2405 roges,
361 2347 442 2389 tibi
462 2345 607 2389 dicam
636 2348 783 2397 Multo
818 2347 977 2405 magis,
1014 2362 1150 2405 quam
1181 2356 1262 2403 tu,
1302 2365 1379 2393 me
1395 2350 1490 2410 ipse
1515 2351 1564 2394 id

174 2416 330 2475 posco,
362 2422 414 2456 ut
437 2414 516 2457 hos
537 2424 771 2459 currentes
790 2417 1054 2475 consequar,
1085 2426 1133 2461 at
1153 2433 1244 2461 non
1262 2422 1435 2477 possum
1446 2436 1463 2474 3
1500 2421 1563 2461 fin

176 2492 326 2527 autem
347 2481 467 2540 cupis
497 2499 571 2526 me
601 2492 645 2526 et
667 2485 896 2530 Crisouem
928 2487 1175 2543 aequaliter
1198 2497 1435 2532 currentes
1459 2490 1563 2548 spe-

177 2558 315 2604 ctare,
345 2551 465 2601 huuc
483 2567 592 2610 roga
616 2559 667 2595 ut
688 2553 878 2596 comiter
895 2554 940 2596 se
962 2554 1190 2607 demittat3
1220 2569 1304 2612 ego
1323 2558 1445 2601 euim
1468 2568 1561 2599 non

175 2622 345 2677 poffurn
371 2619 572 2662 celeriter
591 2635 788 2674 currere,
819 2623 890 2665 hic
907 2631 1059 2667 autem
1076 2616 1218 2683 potest
1245 2625 1376 2668 lente.
1407 2621 1559 2682 quodfi

174 2685 310 2744 igitur
330 2686 408 2730 tibi
429 2689 594 2747 volupe
617 2690 676 2732 est
689 2722 706 2742 ‚
745 2704 823 2733 me
841 2698 886 2736 et
905 2691 1196 2750 Protagoram
1221 2693 1398 2742 audire,
1434 2690 1561 2732 hune
