1696 2878
736 7 745 33 l

595 122 1104 193 ruassnavs
1454 161 1538 209 ,w

150 259 322 309 motus,
355 255 508 301 divino
525 261 676 301 autem
693 253 848 299 afflatu
865 268 968 297 eum
987 251 1256 303 concnam
1276 255 1383 310 effe,
1422 253 1538 313 sugit

151 325 500 369 multitudinem.

268 394 368 442 Huc
384 394 523 451 igitur
540 394 705 453 spectat
721 390 867 435 omnis
890 389 1003 433 haec
1035 392 1180 436 oratio
1203 391 1266 438 de
1276 399 1435 453 quarta
1459 393 1538 437 in-

151 463 284 516 sania,
300 462 358 507 ob
381 477 531 520 quam,
561 463 591 504 fi
610 461 730 519 quis,
761 459 1100 538 pulchritudine
1121 460 1195 504 hic
1212 461 1408 507 exstante
1423 476 1546 505 con-,

150 533 320 591 specta,
352 547 485 578 verae
506 531 626 575 illins
657 529 897 573 recordans
926 529 1088 587 pennis
1115 530 1268 573 rursus
1305 528 1539 575 instruitur

150 600 311 657 hisque
331 599 569 642 instructus
588 598 765 641 evolare
781 596 928 654 gestit,
966 603 1013 638 at
1040 611 1181 653 quum
1206 597 1252 640 id
1284 614 1376 641 nou
1397 597 1539 656 pouit,

151 669 248 712 avis
266 668 312 711 in
333 667 519 711 modum
538 667 707 710 sursum
730 665 930 722 spectans
946 693 958 715 ,
986 661 1200 708 iuferiora
1221 673 1372 709 autem
1394 664 1541 722 negli-

150 751 278 796 gens,
307 743 360 778 ut
376 735 593 794 probrum
625 734 704 792 ipsi
730 730 959 781 obiicitur,
996 731 1114 787 quod
1146 732 1336 776 insaniat
1365 758 1419 765 —
1449 734 1540 777 huc

150 804 287 863 igitur
307 804 500 861 spectat,
530 811 578 846 ut
594 801 782 861 probet,
812 798 935 841 huuc
954 801 1037 842 effe
1054 799 1258 844 omnium
1278 800 1540 845 divinorum

152 873 384 916 afflatuum
403 870 628 928 optimum
653 868 939 927 optimaeque
959 867 1143 924 originis
1162 875 1209 911 et
1226 867 1356 922 huic,
1383 869 1464 925 qui
1484 884 1538 911 eo

152 949 378 989 teneatur,
410 945 455 981 et
470 938 531 988 ei,
572 936 647 993 qui
667 937 712 979 in
734 936 851 979 illius
870 943 1046 994 partem
1066 938 1238 987 veniat,
1279 943 1324 980 et
1351 936 1427 993 qui
1448 937 1540 980 hu·

148 1009 219 1052 ius
241 1008 464 1067 particeps
484 1005 679 1049 insaniae
698 1012 820 1047 amet
839 1003 1077 1063 pulchros,
1107 1013 1358 1050 amatorem
1377 1005 1541 1063 appel-

147 1076 249 1122 lari.
287 1074 667 1135 quemadmodum
697 1071 819 1116 euim
849 1071 1019 1115 dictum
1048 1075 1128 1127 est,
1166 1074 1313 1132 quivis
1346 1073 1540 1116 hominis

148 1146 326 1191 animus
359 1160 436 1203 per
455 1144 497 1185 se
515 1142 727 1200 spectavit
746 1155 859 1198 quae
889 1157 996 1199 v‚ere
1017 1143 1139 1190 sunt3
1181 1143 1308 1186 aliter
1335 1156 1428 1185 uon
1461 1155 1541 1183 ve·-

148 1215 274 1259 niss'et
295 1214 340 1258 in
360 1213 445 1256 hoc
461 1213 689 1259 animans&
719 1210 943 1254 recordari
963 1225 1071 1253 vero
1098 1226 1155 1253 ex
1174 1210 1457 1254 citerioribus
1481 1209 1541 1253 il-

147 1284 299 1326 lorum
320 1296 414 1325 non
435 1279 580 1337 quivis
605 1278 735 1323 facile
756 1279 921 1336 potest,
952 1292 1099 1333 neque
1116 1277 1203 1326 illi,
1234 1278 1312 1334 qui
1328 1278 1383 1323 ad
1403 1278 1543 1323 breve

150 1359 331 1409 tempus
359 1357 457 1391 tum
486 1349 742 1405 spectarunt
766 1362 884 1402 quae
911 1346 971 1389 ibi
1003 1348 1128 1393 sunt.
1170 1361 1318 1404 neque
1351 1346 1425 1399 hi,
1462 1346 1543 1404 qui

150 1418 242 1460 huc
262 1417 514 1459 decidentes
534 1425 622 1458 tam
644 1414 831 1456 adversa
848 1415 913 1456 ufi
934 1413 1118 1456 fortuna
1133 1415 1264 1467 sunt,
1305 1422 1355 1459 ut
1373 1430 1399 1457 a
1430 1429 1545 1456 con-

151 1483 459 1530 suetudinibus
479 1482 746 1539 quibusdam
765 1481 819 1523 ad
850 1480 1061 1522 iniustum
1085 1479 1266 1523 deducti
1295 1479 1343 1524 in
1371 1496 1544 1531 rerum.

153 1570 263 1611 quas
284 1560 381 1595 tum
404 1553 728 1608 spectaverant,
760 1549 984 1590 sacrarum
1016 1546 1287 1591 oblivionem
1320 1548 1543 1593 venirent.

152 1621 287 1682 pauci
317 1633 424 1676 ergo
451 1617 790 1673 relinquuntur,
821 1615 899 1671 qui
928 1616 1176 1658 memoriae
1205 1617 1306 1659 satis
1331 1615 1543 1663 habeant.

152 1692 201 1735 hi
233 1705 370 1740 vero,
422 1686 601 1744 quando
630 1685 813 1727 illorum
843 1683 1126 1725 fimulacrum
1157 1683 1337 1741 aliquod
1367 1685 1546 1743 conspi-

154 1760 302 1810 ciunt,
334 1754 646 1814 percutiuntur
663 1767 745 1795 nec
767 1752 959 1809 amplius
975 1751 1093 1809 apud
1116 1752 1159 1792 se
1176 1752 1301 1804 sunt,
1331 1753 1441 1810 quid
1459 1769 1546 1797 au·-

152 1835 245 1872 tem
265 1826 349 1868 hoc
374 1827 422 1867 sit
451 1821 571 1879 quod
598 1821 701 1878 ipsis
721 1820 916 1867 accidat,
957 1819 1184 1870 nesciunt,
1215 1821 1431 1876 quoniam
1453 1835 1544 1864 non

153 1895 253 1937 satis
285 1891 570 1951 perspiciunt.
613 1888 668 1930 de
696 1888 858 1931 iustitia
883 1887 1064 1943 quidem
1097 1894 1143 1930 et
1170 1889 1470 1946 temperantia
1498 1898 1546 1932 et

153 1976 464 2019 quaecumque
483 1958 570 2001 alia
595 1970 696 2000 cara
722 1957 824 1998 sunt
853 1955 1042 2008 animis,
1077 1956 1230 1999 nullus
1260 1957 1366 2000 inest
1392 1958 1546 2016 splen-

155 2031 237 2073 dor
271 2028 316 2072 in
346 2026 587 2071 simulacris
613 2039 768 2068 earum
799 2022 873 2065 hic
907 2023 1195 2075 exstantibus,
1243 2024 1317 2066 sed
1348 2024 1546 2069 obscurio

154 2098 457 2141 instrumentis
480 2095 560 2138 vix
582 2103 626 2137 et
650 2093 800 2152 pauci,
831 2091 887 2135 ad
907 2092 1120 2150 imagines
1138 2093 1413 2144 accedentes,
1443 2094 1546 2152 spc-

156 2172 278 2207 ctant
307 2163 401 2206 eius
438 2165 556 2220 quod
584 2161 829 2206 imitatione
856 2164 1104 2219 express'um
1132 2163 1192 2204 est
1231 2175 1383 2219 genus.
1437 2161 1545 2219 pul-

158 2231 365 2274 chritudo
386 2239 533 2274 autem
552 2238 647 2273 tum
670 2236 763 2272 erat
789 2229 884 2272 visu
906 2229 1152 2287 splendida,
1191 2244 1330 2287 quum
1349 2230 1398 2273 in
1417 2229 1545 2272 beato

157 2300 294 2343 choro
332 2297 460 2340 felice
480 2298 639 2341 visione
668 2306 803 2352 atque
833 2297 1117 2354 spectatione,
1154 2314 1234 2342 nos
1262 2298 1446 2354 quidem
1468 2299 1546 2342 Io-

157 2383 262 2409 vem
285 2364 562 2417 comitantes,
583 2366 657 2408 alii
671 2380 786 2407 vero
811 2365 920 2408 alios
938 2366 1054 2419 deoc,
1078 2367 1341 2411 frueremur
1361 2382 1411 2409 ac
1432 2382 1546 2409 con-

157 2439 433 2478 iecraremnr
453 2432 834 2476 consecrationum
857 2448 988 2490 quam
1010 2434 1076 2477 fas
1104 2437 1162 2478 est
1184 2435 1269 2478 dici
1288 2434 1545 2486 beatissima,

156 2505 222 2547 cui
246 2501 543 2560 operabamur
563 2501 722 2558 integri
749 2502 825 2559 ipfi
857 2509 900 2544 et
930 2512 1133 2561 expertes
1163 2504 1365 2557 omnium
1400 2504 1545 2546 malo-

154 2588 283 2617 r,um
315 2585 355 2625 q
364 2586 428 2611 nae
445 2571 618 2626 postero
642 2585 720 2611 nos
740 2577 942 2628 tempoie
962 2573 1248 2616 manserunt.
1290 2571 1473 2625 integris
1504 2573 1547 2608 et

155 2638 426 2696 simplicibus
453 2645 496 2679 et
523 2638 814 2680 constantibus
843 2646 885 2680 et
917 2639 1056 2683 beatis
1082 2640 1182 2683 vifis
1210 2639 1373 2682 initiati
1405 2649 1547 2692 eaque

1173 2708 1221 2748 M
1254 2719 1277 2747 2
