1696 2878
522 131 1036 205 PHAEDRVS
1390 161 1468 219 ‚Q

52 299 59 306 ,
93 273 143 309 ut
161 272 299 324 quam
318 266 468 324 potest
483 264 728 310 simillimus
749 265 826 308 ille
854 264 927 308 dei
955 279 1090 323 quem
1109 256 1264 313 ⁴oo'luut
1287 269 1473 315 exfissnt.

93 343 313 392 quotquot
330 352 440 380 vero
457 336 675 381 Iunonem
702 334 874 392 sequuti
900 335 1022 387 sunt,
1064 334 1100 378 ii
1126 336 1302 395 regium
1330 351 1476 397 qnae-

92 411 227 454 runt,
277 412 320 446 et
349 420 488 463 quum
521 421 627 448 eum
662 411 956 463 repererunt,
1001 403 1079 461 ipfi
1117 405 1268 450 omnia
1300 405 1476 450 faciunt

93 473 303 517 similiter.
362 473 580 532 Apollinis
597 481 751 517 autem
779 481 824 514 et
844 478 1099 515 ceterorum
1122 472 1313 518 deorum
1330 473 1476 530 qumi-

92 549 156 583 tes
169 575 182 596 ‚
211 557 344 600 quem
366 543 554 600 quisque
570 545 779 599 sequutus
797 542 878 593 est,
908 555 1011 583 eum
1027 541 1273 598 spectantes
1289 556 1498 600 operm*

94 611 224 664 dant,
255 620 305 654 ut
323 624 522 670 puerum
545 611 609 654 ita
634 618 944 668 comparatum
966 609 1222 662 inveniant,
1261 618 1306 653 et
1334 625 1477 668 quum

95 678 214 720 nacti
243 679 344 722 sunt
368 679 524 733 talem,
561 679 785 722 imitantes
810 677 886 734 ipfi
914 682 958 718 et
987 684 1133 719 amato
1167 678 1478 734 persuadente·
1517 704 1522 715 ι

94 747 277 804 eiusque
305 748 509 791 animum
542 754 841 805 temperantes
869 745 925 788 ad
953 744 1025 787 dei
1063 745 1181 788 illius
1206 746 1395 789 studium
1425 762 1478 791 ae

94 813 279 873 speciem
301 814 491 868 ducunt,
521 830 655 872 quam
679 814 877 859 maxime
894 813 1085 870 quisque
1102 814 1264 870 potest,
1295 829 1386 856 non
1404 815 1479 857 in—

92 883 259 926 vidiam
280 896 362 925 nec
380 882 639 925 illiberalem
666 882 1015 926 malivolentiam
1033 890 1295 924 exercentes
1316 882 1364 925 in
1394 883 1476 925 de·

93 952 212 995 licias
231 953 349 1007 suas,
389 951 462 993 sed
486 959 536 994 ut
555 952 609 994 ad
640 950 969 995 fimilitudinem
990 966 1091 994 cum
1113 951 1156 993 se
1178 951 1274 1009 ipsu
1300 958 1344 994 et
1371 965 1479 995 cum

93 1020 202 1082 deo,
231 1034 365 1077 quem
388 1020 562 1069 colunt,
601 1019 846 1078 perfectam
870 1035 975 1063 eum
995 1019 1270 1079 perducant,
1309 1027 1479 1077 quanto

91 1088 291 1132 inaximo
321 1091 495 1146 potsunt
521 1096 685 1144 conatu
713 1088 932 1132 laborant.
1001 1089 1103 1132 Tali
1142 1088 1299 1146 igitur,
1346 1088 1481 1147 quale

93 1157 220 1209 dico,
274 1156 415 1200 studio
451 1171 556 1199 vere
586 1163 787 1200 amantes
820 1165 1054 1210 tenentur,
1110 1165 1152 1200 et
1194 1156 1480 1207 consecratio,

91 1224 275 1282 quando
306 1224 425 1281 quod
468 1225 659 1283 cupiunt
695 1229 1005 1282 assequuntur,
1069 1233 1161 1269 tam
1204 1225 1394 1284 pulchra
1436 1231 1485 1266 et

93 1293 224 1336 beata
252 1307 334 1350 per
366 1307 494 1344 eum,
536 1293 613 1348 qui
643 1308 797 1337 amore
825 1295 1071 1338 concitatus
1100 1295 1266 1350 diligit,
1316 1293 1480 1337 dilecto

94 1360 303 1417 obtingit,
333 1362 361 1402 si
377 1362 545 1402 clectus
562 1362 643 1412 est3
671 1361 848 1418 capitur
863 1377 974 1404 vero
994 1363 1159 1406 electus
1179 1363 1266 1406 hoc
1286 1361 1436 1405 modo.

210 1426 607 1484 Quemadmodum
628 1428 674 1469 in
692 1428 878 1469 exordio
898 1429 1035 1471 huius
1052 1430 1320 1472 narrationis
1351 1427 1483 1472 trifa—

97 1497 213 1539 riam
234 1495 460 1537 divisimus
481 1495 701 1546 animum,
734 1493 780 1536 in
799 1494 907 1536 duas
926 1496 1139 1551 quasdam
1162 1480 1263 1552 equi
1285 1493 1483 1539 formam
1512 1540 1517 1542 ‚

97 1565 312 1609 habentes
340 1561 527 1622 specics,
567 1571 610 1604 et
637 1562 681 1604 in
710 1562 889 1605 tertiam
923 1565 1226 1620 aurigantem,
1271 1562 1333 1606 ita
1360 1578 1482 1608 nunc

95 1648 273 1691 quoque
291 1631 421 1674 nobis
440 1637 635 1673 maneto.
656 1645 873 1687 equorum
884 1632 1078 1675 alterum
1099 1632 1289 1674 dicimus
1310 1631 1482 1676 bonum

97 1705 203 1753 effe,
251 1700 442 1744 alterum
476 1699 668 1750 malum3
718 1701 860 1742 virtus
890 1707 1040 1742 autem
1075 1714 1192 1756 quae
1221 1701 1269 1743 fit
1302 1701 1406 1743 boni
1439 1709 1483 1744 et

95 1770 205 1814 mali
228 1784 338 1826 quae
355 1770 575 1827 pravitati,
612 1782 704 1810 nou
726 1768 1087 1826 explanavimus.
1127 1783 1250 1811 nunc
1270 1785 1380 1812 vero
1409 1769 1480 1812 di-

97 1838 304 1880 cendum.
334 1838 447 1880 alter
463 1836 599 1894 igitur
619 1852 775 1879 eorum
789 1870 801 1891 ‚
841 1827 917 1894 qui
939 1835 986 1879 in
1005 1837 1252 1895 pulchriori
1275 1839 1333 1880 est
1351 1839 1481 1890 statu,

96 1907 244 1951 forma
275 1913 420 1949 erecta
453 1912 498 1946 et
532 1905 799 1948 articulatim
831 1906 1084 1963 compofita,
1131 1905 1306 1949 cervice
1348 1907 1480 1958 elata,

95 1976 202 2019 naso
221 1977 418 2026 adunco,
447 1974 598 2016 colore
621 1975 744 2027 albo,
774 1973 912 2016 oculis
930 1974 1087 2031 nigris,
1126 1975 1311 2019 honoria
1331 1977 1481 2019 cultor

98 2058 238 2100 aeque
259 2059 310 2086 ac
333 2042 658 2102 temperantiae
689 2051 734 2084 et
763 2041 946 2100 pudoris
971 2038 1153 2100 verique
1182 2043 1336 2086 iudicii
1364 2043 1481 2087 ami.-

101 2125 178 2152 cus
190 2142 202 2163 ,
238 2111 373 2154 nullis
391 2126 523 2167 egens
540 2111 723 2154 stimulis
744 2109 992 2154 hortatione
1010 2118 1183 2155 tantum
1205 2123 1249 2153 et
1268 2125 1383 2154 voce
1404 2126 1482 2154 re-

99 2179 245 2234 gitur3
274 2180 384 2222 alter
404 2194 508 2221 vero
527 2181 585 2222 est
602 2179 839 2229 incurvus,
870 2174 1132 2232 condensus,
1172 2188 1345 2223 temere
1365 2194 1483 2224 oon—

99 2248 267 2304 gestus‚
297 2248 473 2290 cervice
494 2247 674 2301 durata,
707 2248 817 2289 collo
846 2245 1000 2301 brevi,
1028 2250 1133 2291 naso
1164 2251 1292 2300 suno,
1330 2250 1483 2292 colore

99 2315 254 2371 nigro,
302 2316 440 2358 oculis
475 2315 619 2358 caefiis
648 2315 945 2372 sanguineque
970 2315 1156 2369 suffixfis,
1201 2317 1404 2360 lasciviae
1435 2322 1482 2359 et

99 2381 357 2428 insolentiae
376 2382 569 2435 amicus,
613 2384 730 2426 circa
763 2398 891 2426 aures
917 2383 1131 2436 hirsutus,
1173 2385 1352 2437 surdus,
1392 2383 1480 2427 fla-

99 2451 215 2507 gello
239 2466 293 2493 ac
320 2450 504 2493 stimulis
530 2450 613 2493 vix
643 2451 815 2494 cedens.
893 2451 1088 2511 Quando
1130 2453 1267 2510 igitur
1308 2452 1480 2510 auriga,

101 2527 304 2562 amatum
323 2518 588 2575 conspiciens
606 2519 780 2561 vultum
792 2552 805 2573 ,
833 2520 956 2563 cuius
974 2521 1133 2580 species
1153 2529 1303 2564 totum
1321 2520 1479 2564 incen-

103 2588 168 2630 dit
187 2587 316 2644 ipfius
338 2587 537 2630 animum
551 2618 563 2640 ‚
603 2587 852 2630 titillatione
879 2582 1149 2645 stimulisque
1169 2589 1369 2632 defiderii
1387 2589 1478 2630 im-

101 2655 272 2716 pletur,
312 2670 453 2715 equus
481 2654 555 2700 ille
582 2656 760 2714 aurigae
791 2656 918 2702 facile
948 2657 1184 2711 obediens,
1223 2665 1278 2700 ut
1303 2657 1477 2713 sempr-*xv
