<?xml version="1.0" encoding="UTF-8"?>
<!DOCTYPE html PUBLIC "-//W3C//DTD XHTML 1.0 Transitional//EN"
    "http://www.w3.org/TR/xhtml1/DTD/xhtml1-transitional.dtd">
<html xmlns="http://www.w3.org/1999/xhtml" xml:lang="en" lang="en">
 <head>
  <title>
</title>
<meta http-equiv="Content-Type" content="text/html;charset=utf-8" />
  <meta name='ocr-system' content='tesseract 3.04.00' />
  <meta name='ocr-capabilities' content='ocr_page ocr_carea ocr_par ocr_line ocrx_word'/>
</head>
<body>
  <div class='ocr_page' id='page_1' title='image "./quaeexstantopera01plat_0195.png"; bbox 0 0 1696 2878; ppageno 0'>
   <div class='ocr_carea' id='block_1_1' title="bbox 584 135 1530 204">
    <p class='ocr_par' dir='ltr' id='par_1_1' title="bbox 584 135 1530 204">
     <span class='ocr_line' id='line_1_1' title="bbox 584 135 1530 204; baseline -0.004 -2"><span class='ocrx_word' id='word_1_1' title='bbox 584 135 1100 204; x_wconf 71' lang='lat' dir='ltr'>rnAEnavs</span> <span class='ocrx_word' id='word_1_2' title='bbox 1212 173 1213 178; x_wconf 20' lang='grc' dir='ltr'><strong>κ</strong></span> <span class='ocrx_word' id='word_1_3' title='bbox 1453 151 1530 199; x_wconf 65' lang='lat' dir='ltr'>‚m</span> 
     </span>
    </p>
   </div>
   <div class='ocr_carea' id='block_1_2' title="bbox 136 261 1538 2637">
    <p class='ocr_par' dir='ltr' id='par_1_2' title="bbox 147 261 1533 464">
     <span class='ocr_line' id='line_1_2' title="bbox 150 261 1533 330; baseline -0.007 -16"><span class='ocrx_word' id='word_1_4' title='bbox 150 268 398 330; x_wconf 75' lang='lat' dir='ltr'><strong>spectantes</strong></span> <span class='ocrx_word' id='word_1_5' title='bbox 413 268 462 313; x_wconf 85' lang='lat' dir='ltr'>in</span> <span class='ocrx_word' id='word_1_6' title='bbox 479 269 580 318; x_wconf 83' lang='lat' dir='ltr'>luce</span> <span class='ocrx_word' id='word_1_7' title='bbox 594 281 711 327; x_wconf 83' lang='lat' dir='ltr'>pura</span> <span class='ocrx_word' id='word_1_8' title='bbox 722 299 734 320; x_wconf 92' lang='lat'>,</span> <span class='ocrx_word' id='word_1_9' title='bbox 774 264 875 325; x_wconf 86' lang='lat' dir='ltr'>puri</span> <span class='ocrx_word' id='word_1_10' title='bbox 896 264 974 324; x_wconf 83' lang='lat' dir='ltr'>ipfi</span> <span class='ocrx_word' id='word_1_11' title='bbox 991 276 1074 308; x_wconf 81' lang='lat' dir='ltr'>nec</span> <span class='ocrx_word' id='word_1_12' title='bbox 1093 261 1243 323; x_wconf 69' lang='lat' dir='ltr'>figuti</span> <span class='ocrx_word' id='word_1_13' title='bbox 1261 261 1371 311; x_wconf 86' lang='lat' dir='ltr'>hoc.</span> <span class='ocrx_word' id='word_1_14' title='bbox 1410 261 1533 320; x_wconf 86' lang='lat' dir='ltr'>quod</span> 
     </span>
     <span class='ocr_line' id='line_1_3' title="bbox 147 330 1533 394; baseline -0.007 -10"><span class='ocrx_word' id='word_1_15' title='bbox 147 355 267 384; x_wconf 85' lang='lat' dir='ltr'>nunc</span> <span class='ocrx_word' id='word_1_16' title='bbox 294 335 655 394; x_wconf 73' lang='lat' dir='ltr'><strong>circumferentes</strong></span> <span class='ocrx_word' id='word_1_17' title='bbox 681 349 842 393; x_wconf 77' lang='lat' dir='ltr'>corpus</span> <span class='ocrx_word' id='word_1_18' title='bbox 872 346 1113 388; x_wconf 69' lang='lat' dir='ltr'>vocamus,</span> <span class='ocrx_word' id='word_1_19' title='bbox 1158 331 1324 376; x_wconf 72' lang='lat' dir='ltr'>ostreae</span> <span class='ocrx_word' id='word_1_20' title='bbox 1353 330 1400 374; x_wconf 91' lang='lat' dir='ltr'>in</span> <span class='ocrx_word' id='word_1_21' title='bbox 1426 344 1533 375; x_wconf 87' lang='lat' dir='ltr'>mo-</span> 
     </span>
     <span class='ocr_line' id='line_1_4' title="bbox 149 406 465 464; baseline -0.013 -12"><span class='ocrx_word' id='word_1_22' title='bbox 149 409 258 452; x_wconf 85' lang='lat' dir='ltr'>dum</span> <span class='ocrx_word' id='word_1_23' title='bbox 285 406 465 464; x_wconf 84' lang='lat' dir='ltr'>alligati.</span> 
     </span>
    </p>

    <p class='ocr_par' dir='ltr' id='par_1_3' title="bbox 136 467 1538 2637">
     <span class='ocr_line' id='line_1_5' title="bbox 205 467 1533 533; baseline -0.008 -12"><span class='ocrx_word' id='word_1_24' title='bbox 205 473 209 478; x_wconf 50' lang='lat'><em>⁴</em></span> <span class='ocrx_word' id='word_1_25' title='bbox 263 475 410 533; x_wconf 82' lang='lat' dir='ltr'><strong>Atque</strong></span> <span class='ocrx_word' id='word_1_26' title='bbox 438 474 546 519; x_wconf 85' lang='lat' dir='ltr'>hacc</span> <span class='ocrx_word' id='word_1_27' title='bbox 570 471 750 530; x_wconf 74' lang='lat' dir='ltr'>quidem</span> <span class='ocrx_word' id='word_1_28' title='bbox 779 471 826 524; x_wconf 77' lang='lat' dir='ltr'>in</span> <span class='ocrx_word' id='word_1_29' title='bbox 846 469 1171 515; x_wconf 77' lang='lat' dir='ltr'>recordationis</span> <span class='ocrx_word' id='word_1_30' title='bbox 1194 467 1384 527; x_wconf 63' lang='lat' dir='ltr'>gratiam</span> <span class='ocrx_word' id='word_1_31' title='bbox 1411 467 1533 513; x_wconf 75' lang='lat' dir='ltr'>dicta</span> 
     </span>
     <span class='ocr_line' id='line_1_6' title="bbox 148 539 1532 600; baseline -0.004 -13"><span class='ocrx_word' id='word_1_32' title='bbox 148 546 302 598; x_wconf 88' lang='lat' dir='ltr'>sunto,</span> <span class='ocrx_word' id='word_1_33' title='bbox 339 543 396 587; x_wconf 93' lang='lat' dir='ltr'>ob</span> <span class='ocrx_word' id='word_1_34' title='bbox 418 557 550 600; x_wconf 88' lang='lat' dir='ltr'>quam</span> <span class='ocrx_word' id='word_1_35' title='bbox 573 539 785 584; x_wconf 75' lang='lat' dir='ltr'>defiderio</span> <span class='ocrx_word' id='word_1_36' title='bbox 803 540 1040 598; x_wconf 73' lang='lat' dir='ltr'>flagrantes</span> <span class='ocrx_word' id='word_1_37' title='bbox 1061 539 1258 590; x_wconf 87' lang='lat' dir='ltr'>illorum,</span> <span class='ocrx_word' id='word_1_38' title='bbox 1298 550 1413 594; x_wconf 69' lang='lat' dir='ltr'>quae</span> <span class='ocrx_word' id='word_1_39' title='bbox 1432 543 1532 581; x_wconf 79' lang='lat' dir='ltr'>tum</span> 
     </span>
     <span class='ocr_line' id='line_1_7' title="bbox 145 602 1533 672; baseline -0.006 -14"><span class='ocrx_word' id='word_1_40' title='bbox 145 613 467 672; x_wconf 73' lang='lat' dir='ltr'>spectavimus,</span> <span class='ocrx_word' id='word_1_41' title='bbox 497 625 618 653; x_wconf 88' lang='lat' dir='ltr'>nnnc</span> <span class='ocrx_word' id='word_1_42' title='bbox 643 609 861 666; x_wconf 77' lang='lat' dir='ltr'><strong>longiores</strong></span> <span class='ocrx_word' id='word_1_43' title='bbox 892 606 1073 651; x_wconf 82' lang='lat' dir='ltr'>fuimus.</span> <span class='ocrx_word' id='word_1_44' title='bbox 1116 607 1171 649; x_wconf 89' lang='lat' dir='ltr'>de</span> <span class='ocrx_word' id='word_1_45' title='bbox 1197 602 1533 665; x_wconf 75' lang='lat' dir='ltr'>pulchritudine</span> 
     </span>
     <span class='ocr_line' id='line_1_8' title="bbox 147 674 1538 738; baseline -0.007 -14"><span class='ocrx_word' id='word_1_46' title='bbox 147 698 280 737; x_wconf 82' lang='lat' dir='ltr'>vero,</span> <span class='ocrx_word' id='word_1_47' title='bbox 311 677 686 738; x_wconf 77' lang='lat' dir='ltr'>quemadmodum</span> <span class='ocrx_word' id='word_1_48' title='bbox 706 676 928 727; x_wconf 73' lang='lat' dir='ltr'>diximun‚</span> <span class='ocrx_word' id='word_1_49' title='bbox 966 674 1093 718; x_wconf 68' lang='lat' dir='ltr'>nobis</span> <span class='ocrx_word' id='word_1_50' title='bbox 1115 682 1159 715; x_wconf 90' lang='lat' dir='ltr'>et</span> <span class='ocrx_word' id='word_1_51' title='bbox 1179 689 1281 716; x_wconf 89' lang='lat' dir='ltr'>cum</span> <span class='ocrx_word' id='word_1_52' title='bbox 1305 674 1391 717; x_wconf 76' lang='lat' dir='ltr'>illis</span> <span class='ocrx_word' id='word_1_53' title='bbox 1420 687 1538 733; x_wconf 63' lang='lat' dir='ltr'>pro-v</span> 
     </span>
     <span class='ocr_line' id='line_1_9' title="bbox 146 740 1534 803; baseline -0.007 -9"><span class='ocrx_word' id='word_1_54' title='bbox 146 748 440 794; x_wconf 80' lang='lat' dir='ltr'>ficiscenu‘bus</span> <span class='ocrx_word' id='word_1_55' title='bbox 459 744 736 803; x_wconf 80' lang='lat' dir='ltr'>splendebat,</span> <span class='ocrx_word' id='word_1_56' title='bbox 768 751 809 786; x_wconf 92' lang='lat' dir='ltr'>et</span> <span class='ocrx_word' id='word_1_57' title='bbox 831 758 972 800; x_wconf 87' lang='lat' dir='ltr'>quum</span> <span class='ocrx_word' id='word_1_58' title='bbox 995 742 1085 785; x_wconf 86' lang='lat' dir='ltr'>huc</span> <span class='ocrx_word' id='word_1_59' title='bbox 1105 740 1392 793; x_wconf 67' lang='lat' dir='ltr'>venissemus,</span> <span class='ocrx_word' id='word_1_60' title='bbox 1423 755 1534 798; x_wconf 85' lang='lat' dir='ltr'>per-</span> 
     </span>
     <span class='ocr_line' id='line_1_10' title="bbox 145 807 1529 877; baseline -0.007 -14"><span class='ocrx_word' id='word_1_61' title='bbox 145 819 346 877; x_wconf 76' lang='lat' dir='ltr'><strong>cepimus</strong></span> <span class='ocrx_word' id='word_1_62' title='bbox 363 815 502 874; x_wconf 81' lang='lat' dir='ltr'>ipsam</span> <span class='ocrx_word' id='word_1_63' title='bbox 519 813 748 856; x_wconf 79' lang='lat' dir='ltr'>clariffimo</span> <span class='ocrx_word' id='word_1_64' title='bbox 767 812 974 854; x_wconf 87' lang='lat' dir='ltr'>sensuum</span> <span class='ocrx_word' id='word_1_65' title='bbox 1000 811 1252 854; x_wconf 84' lang='lat' dir='ltr'>nostrorum</span> <span class='ocrx_word' id='word_1_66' title='bbox 1275 807 1529 863; x_wconf 80' lang='lat' dir='ltr'><strong>fulgentem</strong></span> 
     </span>
     <span class='ocr_line' id='line_1_11' title="bbox 145 876 1531 936; baseline -0.007 -6"><span class='ocrx_word' id='word_1_67' title='bbox 145 885 386 930; x_wconf 79' lang='lat' dir='ltr'>clariffime.</span> <span class='ocrx_word' id='word_1_68' title='bbox 430 882 547 925; x_wconf 83' lang='lat' dir='ltr'>visus</span> <span class='ocrx_word' id='word_1_69' title='bbox 568 880 690 923; x_wconf 87' lang='lat' dir='ltr'>enim</span> <span class='ocrx_word' id='word_1_70' title='bbox 712 880 837 922; x_wconf 82' lang='lat' dir='ltr'>nobis</span> <span class='ocrx_word' id='word_1_71' title='bbox 855 878 1098 922; x_wconf 81' lang='lat' dir='ltr'>acerrimus</span> <span class='ocrx_word' id='word_1_72' title='bbox 1120 877 1305 934; x_wconf 84' lang='lat' dir='ltr'>contigit</span> <span class='ocrx_word' id='word_1_73' title='bbox 1328 876 1531 936; x_wconf 69' lang='lat' dir='ltr'>corporis</span> 
     </span>
     <span class='ocr_line' id='line_1_12' title="bbox 142 944 1529 1008; baseline -0.007 -11"><span class='ocrx_word' id='word_1_74' title='bbox 142 955 364 1001; x_wconf 85' lang='lat' dir='ltr'>sensuum,</span> <span class='ocrx_word' id='word_1_75' title='bbox 395 965 486 1008; x_wconf 89' lang='lat' dir='ltr'>quo</span> <span class='ocrx_word' id='word_1_76' title='bbox 506 948 717 1008; x_wconf 79' lang='lat' dir='ltr'>sapientia</span> <span class='ocrx_word' id='word_1_77' title='bbox 736 963 828 990; x_wconf 86' lang='lat' dir='ltr'>non</span> <span class='ocrx_word' id='word_1_78' title='bbox 847 947 1070 999; x_wconf 83' lang='lat' dir='ltr'>cernitur3</span> <span class='ocrx_word' id='word_1_79' title='bbox 1100 944 1388 989; x_wconf 73' lang='lat' dir='ltr'>admirabile·</span> <span class='ocrx_word' id='word_1_80' title='bbox 1406 944 1529 988; x_wconf 89' lang='lat' dir='ltr'>enim</span> 
     </span>
     <span class='ocr_line' id='line_1_13' title="bbox 142 1013 1531 1071; baseline -0.006 -6"><span class='ocrx_word' id='word_1_81' title='bbox 142 1021 354 1066; x_wconf 81' lang='lat' dir='ltr'>excitaret</span> <span class='ocrx_word' id='word_1_82' title='bbox 375 1033 572 1070; x_wconf 85' lang='lat' dir='ltr'>amores,</span> <span class='ocrx_word' id='word_1_83' title='bbox 603 1019 631 1059; x_wconf 86' lang='lat' dir='ltr'>sl</span> <span class='ocrx_word' id='word_1_84' title='bbox 649 1024 741 1059; x_wconf 89' lang='lat' dir='ltr'>tam</span> <span class='ocrx_word' id='word_1_85' title='bbox 760 1017 925 1059; x_wconf 87' lang='lat' dir='ltr'>claram</span> <span class='ocrx_word' id='word_1_86' title='bbox 947 1014 1009 1056; x_wconf 89' lang='lat' dir='ltr'>sui</span> <span class='ocrx_word' id='word_1_87' title='bbox 1029 1014 1271 1071; x_wconf 78' lang='lat' dir='ltr'>imaginem</span> <span class='ocrx_word' id='word_1_88' title='bbox 1290 1013 1531 1058; x_wconf 65' lang='lat' dir='ltr'>exhiberet</span> 
     </span>
     <span class='ocr_line' id='line_1_14' title="bbox 140 1081 1528 1148; baseline -0.006 -15"><span class='ocrx_word' id='word_1_89' title='bbox 140 1090 189 1134; x_wconf 87' lang='lat' dir='ltr'>in</span> <span class='ocrx_word' id='word_1_90' title='bbox 215 1090 496 1148; x_wconf 88' lang='lat' dir='ltr'>conspectum</span> <span class='ocrx_word' id='word_1_91' title='bbox 527 1085 710 1138; x_wconf 75' lang='lat' dir='ltr'>cadens,</span> <span class='ocrx_word' id='word_1_92' title='bbox 738 1093 784 1127; x_wconf 87' lang='lat' dir='ltr'>et</span> <span class='ocrx_word' id='word_1_93' title='bbox 816 1098 931 1141; x_wconf 85' lang='lat' dir='ltr'>quae</span> <span class='ocrx_word' id='word_1_94' title='bbox 959 1083 1132 1140; x_wconf 87' lang='lat' dir='ltr'>reliqua</span> <span class='ocrx_word' id='word_1_95' title='bbox 1163 1084 1263 1126; x_wconf 88' lang='lat' dir='ltr'>sunt</span> <span class='ocrx_word' id='word_1_96' title='bbox 1294 1081 1528 1132; x_wconf 71' lang='lat' dir='ltr'>amabilia3</span> 
     </span>
     <span class='ocr_line' id='line_1_15' title="bbox 140 1150 1530 1216; baseline -0.006 -14"><span class='ocrx_word' id='word_1_97' title='bbox 140 1153 263 1202; x_wconf 76' lang='lat' dir='ltr'>nunc</span> <span class='ocrx_word' id='word_1_98' title='bbox 281 1155 568 1216; x_wconf 80' lang='lat' dir='ltr'>pulchritudo</span> <span class='ocrx_word' id='word_1_99' title='bbox 588 1155 675 1197; x_wconf 88' lang='lat' dir='ltr'>sola</span> <span class='ocrx_word' id='word_1_100' title='bbox 698 1154 813 1197; x_wconf 87' lang='lat' dir='ltr'>hanc</span> <span class='ocrx_word' id='word_1_101' title='bbox 832 1159 963 1196; x_wconf 82' lang='lat' dir='ltr'>nacta</span> <span class='ocrx_word' id='word_1_102' title='bbox 978 1153 1141 1195; x_wconf 62' lang='lat' dir='ltr'>sontem</span> <span class='ocrx_word' id='word_1_103' title='bbox 1164 1152 1244 1204; x_wconf 85' lang='lat' dir='ltr'>est,</span> <span class='ocrx_word' id='word_1_104' title='bbox 1287 1160 1338 1194; x_wconf 85' lang='lat' dir='ltr'>ut</span> <span class='ocrx_word' id='word_1_105' title='bbox 1366 1150 1530 1195; x_wconf 81' lang='lat' dir='ltr'>diluci-</span> 
     </span>
     <span class='ocr_line' id='line_1_16' title="bbox 141 1217 1530 1282; baseline -0.006 -11"><span class='ocrx_word' id='word_1_106' title='bbox 141 1228 308 1271; x_wconf 83' lang='lat' dir='ltr'>disfima</span> <span class='ocrx_word' id='word_1_107' title='bbox 326 1227 377 1268; x_wconf 74' lang='lat' dir='ltr'>sit</span> <span class='ocrx_word' id='word_1_108' title='bbox 397 1232 528 1282; x_wconf 85' lang='lat' dir='ltr'>atque</span> <span class='ocrx_word' id='word_1_109' title='bbox 548 1221 863 1266; x_wconf 77' lang='lat' dir='ltr'>amabiliffima.</span> <span class='ocrx_word' id='word_1_110' title='bbox 921 1221 1016 1263; x_wconf 82' lang='lat' dir='ltr'>lam</span> <span class='ocrx_word' id='word_1_111' title='bbox 1039 1220 1114 1277; x_wconf 90' lang='lat' dir='ltr'>qui</span> <span class='ocrx_word' id='word_1_112' title='bbox 1132 1235 1224 1263; x_wconf 88' lang='lat' dir='ltr'>nou</span> <span class='ocrx_word' id='word_1_113' title='bbox 1251 1235 1407 1264; x_wconf 68' lang='lat' dir='ltr'>recens</span> <span class='ocrx_word' id='word_1_114' title='bbox 1436 1217 1530 1263; x_wconf 84' lang='lat' dir='ltr'>iui-</span> 
     </span>
     <span class='ocr_line' id='line_1_17' title="bbox 140 1287 1529 1350; baseline -0.006 -11"><span class='ocrx_word' id='word_1_115' title='bbox 140 1296 274 1340; x_wconf 75' lang='lat' dir='ltr'>uatus</span> <span class='ocrx_word' id='word_1_116' title='bbox 301 1295 374 1338; x_wconf 90' lang='lat' dir='ltr'>vel</span> <span class='ocrx_word' id='word_1_117' title='bbox 398 1299 639 1350; x_wconf 84' lang='lat' dir='ltr'>corruptus</span> <span class='ocrx_word' id='word_1_118' title='bbox 671 1292 751 1342; x_wconf 86' lang='lat' dir='ltr'>est,</span> <span class='ocrx_word' id='word_1_119' title='bbox 790 1289 826 1332; x_wconf 79' lang='lat' dir='ltr'>is</span> <span class='ocrx_word' id='word_1_120' title='bbox 852 1304 943 1332; x_wconf 90' lang='lat' dir='ltr'>non</span> <span class='ocrx_word' id='word_1_121' title='bbox 962 1288 1124 1332; x_wconf 77' lang='lat' dir='ltr'>acriter</span> <span class='ocrx_word' id='word_1_122' title='bbox 1155 1287 1262 1332; x_wconf 79' lang='lat' dir='ltr'>lu&#39;ne</span> <span class='ocrx_word' id='word_1_123' title='bbox 1295 1290 1402 1333; x_wconf 87' lang='lat' dir='ltr'>illuc</span> <span class='ocrx_word' id='word_1_124' title='bbox 1432 1287 1529 1331; x_wconf 81' lang='lat' dir='ltr'>fer-</span> 
     </span>
     <span class='ocr_line' id='line_1_18' title="bbox 139 1355 1528 1420; baseline -0.006 -15"><span class='ocrx_word' id='word_1_125' title='bbox 139 1371 217 1405; x_wconf 79' lang='lat' dir='ltr'>tur</span> <span class='ocrx_word' id='word_1_126' title='bbox 237 1363 294 1405; x_wconf 86' lang='lat' dir='ltr'>ad</span> <span class='ocrx_word' id='word_1_127' title='bbox 314 1362 454 1420; x_wconf 85' lang='lat' dir='ltr'>ipsam</span> <span class='ocrx_word' id='word_1_128' title='bbox 474 1357 852 1418; x_wconf 85' lang='lat' dir='ltr'>pulchritudinem</span> <span class='ocrx_word' id='word_1_129' title='bbox 865 1388 878 1409; x_wconf 91' lang='lat'>‚</span> <span class='ocrx_word' id='word_1_130' title='bbox 915 1357 1120 1414; x_wconf 74' lang='lat' dir='ltr'>spectans</span> <span class='ocrx_word' id='word_1_131' title='bbox 1149 1355 1197 1398; x_wconf 86' lang='lat' dir='ltr'>id</span> <span class='ocrx_word' id='word_1_132' title='bbox 1221 1358 1342 1413; x_wconf 88' lang='lat' dir='ltr'>quod</span> <span class='ocrx_word' id='word_1_133' title='bbox 1361 1356 1417 1398; x_wconf 86' lang='lat' dir='ltr'>ab</span> <span class='ocrx_word' id='word_1_134' title='bbox 1434 1355 1528 1413; x_wconf 76' lang='lat' dir='ltr'>ipsa</span> 
     </span>
     <span class='ocr_line' id='line_1_19' title="bbox 140 1423 1528 1483; baseline -0.007 -9"><span class='ocrx_word' id='word_1_135' title='bbox 140 1430 423 1480; x_wconf 59' lang='lat' dir='ltr'>nominatum</span> <span class='ocrx_word' id='word_1_136' title='bbox 453 1426 661 1483; x_wconf 83' lang='lat' dir='ltr'>quocirca</span> <span class='ocrx_word' id='word_1_137' title='bbox 679 1439 770 1466; x_wconf 90' lang='lat' dir='ltr'>non</span> <span class='ocrx_word' id='word_1_138' title='bbox 789 1431 1031 1465; x_wconf 84' lang='lat' dir='ltr'>veneratur</span> <span class='ocrx_word' id='word_1_139' title='bbox 1050 1423 1319 1480; x_wconf 59' lang='lat' dir='ltr'>adspiciens,</span> <span class='ocrx_word' id='word_1_140' title='bbox 1349 1423 1424 1465; x_wconf 87' lang='lat' dir='ltr'>sed</span> <span class='ocrx_word' id='word_1_141' title='bbox 1443 1436 1528 1464; x_wconf 81' lang='lat' dir='ltr'>vo-</span> 
     </span>
     <span class='ocr_line' id='line_1_20' title="bbox 141 1488 1528 1557; baseline -0.006 -15"><span class='ocrx_word' id='word_1_142' title='bbox 141 1499 305 1557; x_wconf 85' lang='lat' dir='ltr'>luptati</span> <span class='ocrx_word' id='word_1_143' title='bbox 335 1497 378 1537; x_wconf 87' lang='lat' dir='ltr'>se</span> <span class='ocrx_word' id='word_1_144' title='bbox 403 1493 569 1536; x_wconf 78' lang='lat' dir='ltr'>dedens</span> <span class='ocrx_word' id='word_1_145' title='bbox 594 1489 897 1547; x_wconf 82' lang='lat' dir='ltr'>quadrupedis</span> <span class='ocrx_word' id='word_1_146' title='bbox 927 1488 1018 1532; x_wconf 89' lang='lat' dir='ltr'>ritu</span> <span class='ocrx_word' id='word_1_147' title='bbox 1052 1488 1310 1533; x_wconf 78' lang='lat' dir='ltr'>inscendere</span> <span class='ocrx_word' id='word_1_148' title='bbox 1338 1496 1528 1535; x_wconf 77' lang='lat' dir='ltr'>conatur</span> 
     </span>
     <span class='ocr_line' id='line_1_21' title="bbox 142 1556 1527 1624; baseline -0.006 -15"><span class='ocrx_word' id='word_1_149' title='bbox 142 1577 390 1624; x_wconf 82' lang='lat' dir='ltr'>corpusque</span> <span class='ocrx_word' id='word_1_150' title='bbox 409 1576 511 1604; x_wconf 90' lang='lat' dir='ltr'>cum</span> <span class='ocrx_word' id='word_1_151' title='bbox 532 1574 584 1602; x_wconf 88' lang='lat' dir='ltr'>eo</span> <span class='ocrx_word' id='word_1_152' title='bbox 596 1558 794 1610; x_wconf 86' lang='lat' dir='ltr'>miscere,</span> <span class='ocrx_word' id='word_1_153' title='bbox 816 1556 1048 1600; x_wconf 83' lang='lat' dir='ltr'>etlascivia</span> <span class='ocrx_word' id='word_1_154' title='bbox 1066 1556 1274 1600; x_wconf 81' lang='lat' dir='ltr'>adsuetus</span> <span class='ocrx_word' id='word_1_155' title='bbox 1296 1572 1377 1600; x_wconf 87' lang='lat' dir='ltr'>nec</span> <span class='ocrx_word' id='word_1_156' title='bbox 1396 1564 1527 1600; x_wconf 84' lang='lat' dir='ltr'>metu</span> 
     </span>
     <span class='ocr_line' id='line_1_22' title="bbox 138 1624 1525 1690; baseline -0.008 -12"><span class='ocrx_word' id='word_1_157' title='bbox 138 1650 224 1678; x_wconf 82' lang='lat' dir='ltr'>nec</span> <span class='ocrx_word' id='word_1_158' title='bbox 243 1631 417 1690; x_wconf 85' lang='lat' dir='ltr'>pudore</span> <span class='ocrx_word' id='word_1_159' title='bbox 434 1626 712 1686; x_wconf 78' lang='lat' dir='ltr'>prohibetur,</span> <span class='ocrx_word' id='word_1_160' title='bbox 743 1624 982 1682; x_wconf 81' lang='lat' dir='ltr'>quominus</span> <span class='ocrx_word' id='word_1_161' title='bbox 1000 1632 1185 1681; x_wconf 84' lang='lat' dir='ltr'>praeter</span> <span class='ocrx_word' id='word_1_162' title='bbox 1203 1633 1414 1669; x_wconf 76' lang='lat' dir='ltr'>naturam</span> <span class='ocrx_word' id='word_1_163' title='bbox 1433 1639 1525 1668; x_wconf 84' lang='lat' dir='ltr'>vo-</span> 
     </span>
     <span class='ocr_line' id='line_1_23' title="bbox 138 1691 1525 1759; baseline -0.006 -14"><span class='ocrx_word' id='word_1_164' title='bbox 138 1702 355 1759; x_wconf 87' lang='lat' dir='ltr'>luptatem</span> <span class='ocrx_word' id='word_1_165' title='bbox 376 1698 578 1739; x_wconf 76' lang='lat' dir='ltr'>sectetur.</span> <span class='ocrx_word' id='word_1_166' title='bbox 608 1708 760 1736; x_wconf 83' lang='lat' dir='ltr'>recens</span> <span class='ocrx_word' id='word_1_167' title='bbox 780 1707 890 1735; x_wconf 88' lang='lat' dir='ltr'>vero</span> <span class='ocrx_word' id='word_1_168' title='bbox 912 1691 1134 1745; x_wconf 72' lang='lat' dir='ltr'>initiatus,</span> <span class='ocrx_word' id='word_1_169' title='bbox 1173 1694 1251 1750; x_wconf 88' lang='lat' dir='ltr'>qui</span> <span class='ocrx_word' id='word_1_170' title='bbox 1275 1695 1405 1751; x_wconf 86' lang='lat' dir='ltr'>plura</span> <span class='ocrx_word' id='word_1_171' title='bbox 1424 1700 1525 1738; x_wconf 86' lang='lat' dir='ltr'>tum</span> 
     </span>
     <span class='ocr_line' id='line_1_24' title="bbox 139 1759 1525 1827; baseline -0.005 -15"><span class='ocrx_word' id='word_1_172' title='bbox 139 1768 378 1827; x_wconf 85' lang='lat' dir='ltr'>spectavit,</span> <span class='ocrx_word' id='word_1_173' title='bbox 415 1766 444 1807; x_wconf 84' lang='lat' dir='ltr'>sl</span> <span class='ocrx_word' id='word_1_174' title='bbox 463 1763 536 1808; x_wconf 81' lang='lat' dir='ltr'>dei</span> <span class='ocrx_word' id='word_1_175' title='bbox 567 1762 749 1806; x_wconf 75' lang='lat' dir='ltr'>similem</span> <span class='ocrx_word' id='word_1_176' title='bbox 781 1761 959 1804; x_wconf 89' lang='lat' dir='ltr'>vultum</span> <span class='ocrx_word' id='word_1_177' title='bbox 984 1761 1194 1820; x_wconf 85' lang='lat' dir='ltr'>conspicit</span> <span class='ocrx_word' id='word_1_178' title='bbox 1218 1759 1525 1820; x_wconf 78' lang='lat' dir='ltr'>pulchritudi-</span> 
     </span>
     <span class='ocr_line' id='line_1_25' title="bbox 138 1827 1523 1889; baseline -0.006 -9"><span class='ocrx_word' id='word_1_179' title='bbox 138 1852 246 1881; x_wconf 83' lang='lat' dir='ltr'>nem</span> <span class='ocrx_word' id='word_1_180' title='bbox 264 1836 376 1878; x_wconf 87' lang='lat' dir='ltr'>bene</span> <span class='ocrx_word' id='word_1_181' title='bbox 394 1832 642 1876; x_wconf 84' lang='lat' dir='ltr'>imitantem</span> <span class='ocrx_word' id='word_1_182' title='bbox 662 1830 735 1873; x_wconf 83' lang='lat' dir='ltr'>vel</span> <span class='ocrx_word' id='word_1_183' title='bbox 756 1827 951 1886; x_wconf 85' lang='lat' dir='ltr'>corporis</span> <span class='ocrx_word' id='word_1_184' title='bbox 974 1827 1166 1886; x_wconf 84' lang='lat' dir='ltr'>aliquam</span> <span class='ocrx_word' id='word_1_185' title='bbox 1186 1831 1395 1887; x_wconf 88' lang='lat' dir='ltr'>speciem,</span> <span class='ocrx_word' id='word_1_186' title='bbox 1424 1830 1523 1889; x_wconf 77' lang='lat' dir='ltr'>pri-</span> 
     </span>
     <span class='ocr_line' id='line_1_26' title="bbox 137 1896 1523 1960; baseline -0.006 -12"><span class='ocrx_word' id='word_1_187' title='bbox 137 1920 264 1948; x_wconf 85' lang='lat' dir='ltr'>mum</span> <span class='ocrx_word' id='word_1_188' title='bbox 284 1903 471 1946; x_wconf 84' lang='lat' dir='ltr'>horrore</span> <span class='ocrx_word' id='word_1_189' title='bbox 489 1900 779 1960; x_wconf 86' lang='lat' dir='ltr'>perfunditur</span> <span class='ocrx_word' id='word_1_190' title='bbox 800 1906 843 1940; x_wconf 86' lang='lat' dir='ltr'>et</span> <span class='ocrx_word' id='word_1_191' title='bbox 861 1896 1142 1955; x_wconf 86' lang='lat' dir='ltr'>pristinorum</span> <span class='ocrx_word' id='word_1_192' title='bbox 1162 1898 1310 1954; x_wconf 86' lang='lat' dir='ltr'>aliquo</span> <span class='ocrx_word' id='word_1_193' title='bbox 1332 1897 1523 1942; x_wconf 76' lang='lat' dir='ltr'>afficitur</span> 
     </span>
     <span class='ocr_line' id='line_1_27' title="bbox 137 1964 1521 2026; baseline -0.005 -11"><span class='ocrx_word' id='word_1_194' title='bbox 137 1973 379 2023; x_wconf 84' lang='lat' dir='ltr'>timorum,</span> <span class='ocrx_word' id='word_1_195' title='bbox 415 1971 575 2014; x_wconf 82' lang='lat' dir='ltr'>deinde.</span> <span class='ocrx_word' id='word_1_196' title='bbox 595 1965 837 2026; x_wconf 85' lang='lat' dir='ltr'>adspiciens</span> <span class='ocrx_word' id='word_1_197' title='bbox 856 1972 905 2006; x_wconf 89' lang='lat' dir='ltr'>ut</span> <span class='ocrx_word' id='word_1_198' title='bbox 924 1964 1056 2011; x_wconf 87' lang='lat' dir='ltr'>deum</span> <span class='ocrx_word' id='word_1_199' title='bbox 1075 1975 1318 2011; x_wconf 82' lang='lat' dir='ltr'>veneratur</span> <span class='ocrx_word' id='word_1_200' title='bbox 1337 1973 1403 2017; x_wconf 86' lang='lat' dir='ltr'>et,</span> <span class='ocrx_word' id='word_1_201' title='bbox 1443 1964 1521 2013; x_wconf 80' lang='lat' dir='ltr'>nifi</span> 
     </span>
     <span class='ocr_line' id='line_1_28' title="bbox 137 2031 1521 2090; baseline -0.005 -7"><span class='ocrx_word' id='word_1_202' title='bbox 137 2041 317 2083; x_wconf 83' lang='lat' dir='ltr'>timeret</span> <span class='ocrx_word' id='word_1_203' title='bbox 338 2038 505 2082; x_wconf 85' lang='lat' dir='ltr'>nimiae</span> <span class='ocrx_word' id='word_1_204' title='bbox 523 2037 718 2080; x_wconf 82' lang='lat' dir='ltr'>insaniae</span> <span class='ocrx_word' id='word_1_205' title='bbox 738 2033 929 2086; x_wconf 83' lang='lat' dir='ltr'>samam,</span> <span class='ocrx_word' id='word_1_206' title='bbox 967 2031 1247 2087; x_wconf 69' lang='lat' dir='ltr'>sacrificaret,</span> <span class='ocrx_word' id='word_1_207' title='bbox 1285 2042 1521 2090; x_wconf 81' lang='lat' dir='ltr'>tamquam</span> 
     </span>
     <span class='ocr_line' id='line_1_29' title="bbox 138 2101 1521 2160; baseline -0.003 -12"><span class='ocrx_word' id='word_1_208' title='bbox 138 2108 302 2149; x_wconf 85' lang='lat' dir='ltr'>ssatuae</span> <span class='ocrx_word' id='word_1_209' title='bbox 332 2107 477 2150; x_wconf 81' lang='lat' dir='ltr'>sacrae</span> <span class='ocrx_word' id='word_1_210' title='bbox 501 2106 574 2148; x_wconf 84' lang='lat' dir='ltr'>vel</span> <span class='ocrx_word' id='word_1_211' title='bbox 601 2105 705 2153; x_wconf 89' lang='lat' dir='ltr'>deo,</span> <span class='ocrx_word' id='word_1_212' title='bbox 761 2108 937 2153; x_wconf 81' lang='lat' dir='ltr'>amat03</span> <span class='ocrx_word' id='word_1_213' title='bbox 973 2102 1199 2160; x_wconf 87' lang='lat' dir='ltr'>postquam</span> <span class='ocrx_word' id='word_1_214' title='bbox 1231 2117 1342 2144; x_wconf 86' lang='lat' dir='ltr'>vero</span> <span class='ocrx_word' id='word_1_215' title='bbox 1371 2101 1521 2159; x_wconf 86' lang='lat' dir='ltr'>ipsum</span> 
     </span>
     <span class='ocr_line' id='line_1_30' title="bbox 138 2170 1521 2231; baseline -0.001 -17"><span class='ocrx_word' id='word_1_216' title='bbox 138 2173 362 2231; x_wconf 74' lang='lat' dir='ltr'>adspexit,</span> <span class='ocrx_word' id='word_1_217' title='bbox 393 2176 506 2219; x_wconf 77' lang='lat' dir='ltr'>sicut</span> <span class='ocrx_word' id='word_1_218' title='bbox 524 2189 580 2216; x_wconf 82' lang='lat' dir='ltr'>cx</span> <span class='ocrx_word' id='word_1_219' title='bbox 598 2173 786 2215; x_wconf 77' lang='lat' dir='ltr'>horrore</span> <span class='ocrx_word' id='word_1_220' title='bbox 800 2203 811 2222; x_wconf 90' lang='lat'>,</span> <span class='ocrx_word' id='word_1_221' title='bbox 851 2170 1071 2215; x_wconf 79' lang='lat' dir='ltr'>conversio</span> <span class='ocrx_word' id='word_1_222' title='bbox 1100 2178 1145 2213; x_wconf 88' lang='lat' dir='ltr'>et</span> <span class='ocrx_word' id='word_1_223' title='bbox 1163 2171 1295 2212; x_wconf 87' lang='lat' dir='ltr'>sudor</span> <span class='ocrx_word' id='word_1_224' title='bbox 1317 2177 1361 2211; x_wconf 88' lang='lat' dir='ltr'>et</span> <span class='ocrx_word' id='word_1_225' title='bbox 1382 2170 1521 2213; x_wconf 74' lang='lat' dir='ltr'>aestus</span> 
     </span>
     <span class='ocr_line' id='line_1_31' title="bbox 138 2235 1520 2298; baseline -0.001 -16"><span class='ocrx_word' id='word_1_226' title='bbox 138 2240 338 2283; x_wconf 86' lang='lat' dir='ltr'>insolitus</span> <span class='ocrx_word' id='word_1_227' title='bbox 373 2257 478 2287; x_wconf 82' lang='lat' dir='ltr'>eum</span> <span class='ocrx_word' id='word_1_228' title='bbox 513 2240 712 2298; x_wconf 88' lang='lat' dir='ltr'>corripit.</span> <span class='ocrx_word' id='word_1_229' title='bbox 761 2237 978 2295; x_wconf 71' lang='lat' dir='ltr'>recipiens</span> <span class='ocrx_word' id='word_1_230' title='bbox 1013 2237 1131 2283; x_wconf 85' lang='lat' dir='ltr'>enim</span> <span class='ocrx_word' id='word_1_231' title='bbox 1169 2235 1520 2296; x_wconf 71' lang='lat' dir='ltr'>pulchritudinis</span> 
     </span>
     <span class='ocr_line' id='line_1_32' title="bbox 138 2305 1520 2376; baseline -0.001 -25"><span class='ocrx_word' id='word_1_232' title='bbox 138 2307 369 2351; x_wconf 83' lang='lat' dir='ltr'>effluvium</span> <span class='ocrx_word' id='word_1_233' title='bbox 395 2322 477 2365; x_wconf 86' lang='lat' dir='ltr'>per</span> <span class='ocrx_word' id='word_1_234' title='bbox 506 2308 654 2350; x_wconf 76' lang='lat' dir='ltr'>oculos</span> <span class='ocrx_word' id='word_1_235' title='bbox 684 2305 908 2349; x_wconf 87' lang='lat' dir='ltr'>incalescit</span> <span class='ocrx_word' id='word_1_236' title='bbox 936 2306 1043 2363; x_wconf 92' lang='lat' dir='ltr'>[quo</span> <span class='ocrx_word' id='word_1_237' title='bbox 1071 2322 1328 2376; x_wconf 78' lang='lat' dir='ltr'>pennarum</span> <span class='ocrx_word' id='word_1_238' title='bbox 1357 2314 1520 2349; x_wconf 86' lang='lat' dir='ltr'>natura</span> 
     </span>
     <span class='ocr_line' id='line_1_33' title="bbox 137 2368 1517 2433; baseline -0.001 -15"><span class='ocrx_word' id='word_1_239' title='bbox 137 2368 367 2433; x_wconf 82' lang='lat' dir='ltr'>irrigatur]</span> <span class='ocrx_word' id='word_1_240' title='bbox 383 2406 394 2427; x_wconf 92' lang='lat'>,</span> <span class='ocrx_word' id='word_1_241' title='bbox 422 2374 514 2432; x_wconf 92' lang='lat' dir='ltr'>ipso</span> <span class='ocrx_word' id='word_1_242' title='bbox 533 2382 680 2419; x_wconf 86' lang='lat' dir='ltr'>autem</span> <span class='ocrx_word' id='word_1_243' title='bbox 701 2374 986 2420; x_wconf 85' lang='lat' dir='ltr'>incalescente</span> <span class='ocrx_word' id='word_1_244' title='bbox 1000 2374 1247 2431; x_wconf 85' lang='lat' dir='ltr'>liquescunt</span> <span class='ocrx_word' id='word_1_245' title='bbox 1268 2375 1386 2419; x_wconf 79' lang='lat' dir='ltr'>circa</span> <span class='ocrx_word' id='word_1_246' title='bbox 1404 2389 1517 2432; x_wconf 81' lang='lat' dir='ltr'>pon-</span> 
     </span>
     <span class='ocr_line' id='line_1_34' title="bbox 136 2440 1519 2502; baseline -0.003 -14"><span class='ocrx_word' id='word_1_247' title='bbox 136 2459 300 2488; x_wconf 85' lang='lat' dir='ltr'>narum</span> <span class='ocrx_word' id='word_1_248' title='bbox 324 2441 698 2499; x_wconf 82' lang='lat' dir='ltr'>germinationem</span> <span class='ocrx_word' id='word_1_249' title='bbox 734 2457 807 2493; x_wconf 81' lang='lat' dir='ltr'>ea,</span> <span class='ocrx_word' id='word_1_250' title='bbox 838 2456 951 2498; x_wconf 90' lang='lat' dir='ltr'>quae</span> <span class='ocrx_word' id='word_1_251' title='bbox 983 2441 1151 2486; x_wconf 85' lang='lat' dir='ltr'>dudum</span> <span class='ocrx_word' id='word_1_252' title='bbox 1181 2450 1365 2502; x_wconf 88' lang='lat' dir='ltr'>propter</span> <span class='ocrx_word' id='word_1_253' title='bbox 1392 2440 1519 2485; x_wconf 77' lang='lat' dir='ltr'>duri-</span> 
     </span>
     <span class='ocr_line' id='line_1_35' title="bbox 138 2510 1518 2569; baseline -0.004 -13"><span class='ocrx_word' id='word_1_254' title='bbox 138 2515 245 2556; x_wconf 81' lang='lat' dir='ltr'>tiem</span> <span class='ocrx_word' id='word_1_255' title='bbox 267 2513 410 2555; x_wconf 84' lang='lat' dir='ltr'>clausa</span> <span class='ocrx_word' id='word_1_256' title='bbox 427 2510 749 2568; x_wconf 87' lang='lat' dir='ltr'>prohibebant,</span> <span class='ocrx_word' id='word_1_257' title='bbox 779 2512 837 2553; x_wconf 85' lang='lat' dir='ltr'>ne</span> <span class='ocrx_word' id='word_1_258' title='bbox 854 2510 955 2552; x_wconf 86' lang='lat' dir='ltr'>illae</span> <span class='ocrx_word' id='word_1_259' title='bbox 976 2511 1274 2569; x_wconf 82' lang='lat' dir='ltr'>pullularent3</span> <span class='ocrx_word' id='word_1_260' title='bbox 1306 2510 1518 2554; x_wconf 78' lang='lat' dir='ltr'>affluente</span> 
     </span>
     <span class='ocr_line' id='line_1_36' title="bbox 136 2577 1517 2637; baseline -0.004 -14"><span class='ocrx_word' id='word_1_261' title='bbox 136 2595 250 2627; x_wconf 69' lang='lat' dir='ltr'>,vero</span> <span class='ocrx_word' id='word_1_262' title='bbox 272 2579 480 2622; x_wconf 84' lang='lat' dir='ltr'>alimento</span> <span class='ocrx_word' id='word_1_263' title='bbox 510 2578 758 2625; x_wconf 84' lang='lat' dir='ltr'>intumescit</span> <span class='ocrx_word' id='word_1_264' title='bbox 786 2587 831 2621; x_wconf 87' lang='lat' dir='ltr'>et</span> <span class='ocrx_word' id='word_1_265' title='bbox 861 2579 1018 2623; x_wconf 89' lang='lat' dir='ltr'>nititur</span> <span class='ocrx_word' id='word_1_266' title='bbox 1042 2580 1284 2637; x_wconf 85' lang='lat' dir='ltr'>provenire</span> <span class='ocrx_word' id='word_1_267' title='bbox 1313 2595 1336 2621; x_wconf 90' lang='lat' dir='ltr'>e</span> <span class='ocrx_word' id='word_1_268' title='bbox 1364 2577 1517 2621; x_wconf 85' lang='lat' dir='ltr'>radice</span> 
     </span>
    </p>
   </div>
   <div class='ocr_carea' id='block_1_3' title="bbox 139 2642 1518 2712">
    <p class='ocr_par' dir='ltr' id='par_1_4' title="bbox 139 2642 1518 2712">
     <span class='ocr_line' id='line_1_37' title="bbox 139 2642 1518 2712; baseline -0.004 -20"><span class='ocrx_word' id='word_1_269' title='bbox 139 2663 391 2712; x_wconf 80' lang='lat' dir='ltr'>pennarum</span> <span class='ocrx_word' id='word_1_270' title='bbox 408 2646 542 2695; x_wconf 85' lang='lat' dir='ltr'>caulis</span> <span class='ocrx_word' id='word_1_271' title='bbox 569 2645 690 2694; x_wconf 83' lang='lat' dir='ltr'>intra</span> <span class='ocrx_word' id='word_1_272' title='bbox 716 2646 969 2697; x_wconf 74' lang='lat' dir='ltr'>universam</span> <span class='ocrx_word' id='word_1_273' title='bbox 991 2647 1130 2697; x_wconf 73' lang='lat' dir='ltr'>animi</span> <span class='ocrx_word' id='word_1_274' title='bbox 1157 2647 1371 2711; x_wconf 78' lang='lat' dir='ltr'>speciem3</span> <span class='ocrx_word' id='word_1_275' title='bbox 1409 2642 1518 2691; x_wconf 80' lang='lat' dir='ltr'>uui-</span> 
     </span>
    </p>
   </div>
  </div>
 </body>
</html>
