1696 2878
530 124 1189 208 PnorAeonas
1474 160 1559 206 ιώ

167 269 349 316 Assenfit
365 269 646 327 Protagora.
690 267 856 313 Nonne
870 267 1007 324 igitur
1023 266 1178 325 volit,
1193 282 1236 313 ὀ
1254 258 1487 318 hominen.
1502 275 1559 312 ut

166 337 355 382 dicimus
383 351 464 396 ego
493 343 538 381 et
565 337 856 394 Protagoras,
911 339 1080 382 nullam
1109 336 1245 386 dha
1277 338 1339 381 ob
1377 337 1558 381 censam

164 407 285 452 mala
296 405 508 452 videntur
522 409 622 460 effe,
640 405 719 450 nifi
737 406 858 464 quod
873 404 923 450 in
933 406 1150 451 molestia·
1160 401 1559 463 §manumque

168 492 248 521 voa
275 475 458 535 privant
480 474 822 535 voluptatibus?
858 497 918 509 ·-
952 474 1332 519 assentienturne?
1363 473 1558 533 Utrique

164 544 367 590 nostrum
386 545 534 588 visum
557 546 632 588 est.
685 545 849 589 Nonne
866 543 1020 587 rursus
1036 545 1067 586 fi
1084 542 1458 601 contrarium—eo·
1476 557 1556 588 m-

163 627 320 671 gemue
358 614 400 656 Ο
434 612 656 667 homines,
675 613 754 671 qui
773 612 920 656 dicitis
941 613 1123 655 rursum
1144 611 1259 655 bona
1281 610 1441 656 acerba
1454 613 1555 663 effu,

164 696 317 725 nonne
338 681 450 725 haee
470 679 627 735 dicitis,
656 681 800 724 veluti
817 680 1165 724 exercitationes
1184 686 1231 723 et
1247 678 1556 737 expeditione·

164 756 210 791 et
229 747 507 792 medicorum
526 748 778 793 curationes
791 780 804 802 ,
834 762 953 805 quae
972 747 1239 801 ustionibus,
1274 746 1554 800 sectionibus,

163 815 374 860 remediis
389 825 434 859 et
449 815 642 873 pen-fecta
658 814 931 860 abstinentia
947 823 1229 874 peraguntur
1240 847 1254 869 ‚
1289 814 1371 858 has
1392 812 1554 857 videli-

162 892 234 928 cet
262 884 398 927 bonas
426 884 608 942 quidem
637 888 746 940 effe,
788 884 863 928 sed
894 883 1108 928 acerbas?
1134 908 1193 919 —-
1229 882 1552 929 mentientur?

162 953 396 999 Concesfit.
443 952 611 997 Utrum
630 952 769 1011 igitur
785 951 945 996 iccirco
967 951 1104 997 bonas
1119 967 1193 996 eu
1212 952 1398 1006 vocatia,
1427 950 1552 1010 quod

161 1021 209 1064 in
236 1035 446 1080 praesens
477 1020 654 1066 dolores
681 1029 908 1066 extremos
932 1020 1124 1065 afferant
1146 1029 1281 1078 atque
1310 1020 1552 1075 cruciatus,

161 1105 243 1144 an,
281 1089 397 1146 quod
417 1088 464 1133 in
483 1091 704 1148 posterum
731 1090 940 1134 sanitates
971 1106 1029 1134 ex
1060 1091 1113 1134 iis
1145 1091 1344 1136 exsistant
1370 1097 1415 1133 et
1442 1089 1550 1134 boni

161 1156 361 1218 corporis
377 1156 558 1202 habitus
587 1167 631 1202 et
649 1158 882 1203 civitatum
903 1158 1040 1212 salus,
1077 1158 1124 1203 in
1149 1158 1258 1202 aliu
1283 1158 1476 1219 imperia
1505 1164 1551 1202 et

161 1226 378 1271 divitiae?
420 1250 469 1260 --
505 1226 672 1282 dicent,
709 1235 761 1270 ut
783 1227 958 1287 opinor.
1008 1227 1240 1275 Concesfit.
1287 1227 1408 1272 Haec
1438 1242 1548 1271 vero

161 1311 272 1338 num
296 1294 417 1338 bona
439 1295 540 1339 sunt
566 1296 699 1340 aliam
724 1296 783 1339 ob
820 1297 1020 1346 causam.
1067 1311 1205 1353 quarn
1234 1295 1353 1354 quod
1382 1295 1429 1338 in
1450 1290 1550 1338 vvo-

161 1364 350 1422 luptates
369 1364 570 1407 evadunt
587 1366 885 1422 dolorumque
904 1372 950 1407 et
967 1364 1252 1409 liberationes
1271 1371 1316 1405 et
1324 1363 1552 1421 depulfio-

160 1430 272 1473 nes?
313 1445 371 1472 an
391 1431 528 1474 alium
549 1445 823 1490 quemquam
841 1431 979 1474 finem
1006 1432 1177 1477 habetis
1201 1431 1374 1485 dicere,
1411 1446 1549 1489 quem

159 1497 443 1556 respicientes
464 1497 583 1539 bona
598 1498 756 1541 dicatis
775 1498 874 1551 illa,
912 1506 1092 1556 praeter
1116 1498 1364 1556 voluptates
1393 1514 1444 1542 ac
1463 1500 1551 1542 do-

160 1566 306 1610 lores?
338 1589 395 1596 —
431 1565 684 1622 negabunt,
713 1574 766 1609 ut
785 1565 957 1624 opinor.
1016 1567 1108 1610 Nec
1124 1566 1236 1610 mihi
1256 1565 1445 1620 videtur,
1474 1567 1550 1611 in-

161 1635 259 1692 quit
278 1635 558 1690 Protagoras.
607 1634 770 1677 Nonne
787 1635 923 1692 igitur
937 1634 1214 1691 voluptatem
1231 1634 1551 1679 consectamini

159 1715 394 1763 tamquam
423 1702 593 1746 bonum
615 1702 806 1761 aliquid,
845 1702 1045 1745 dolorem
1070 1709 1221 1744 autem
1250 1701 1400 1757 sugitis
1426 1712 1550 1748 tarn-

159 1790 296 1833 quam
317 1772 489 1816 malum
506 1772 528 1813 ‘2
558 1770 789 1815 Concessit.
837 1772 931 1815 Hoc
947 1769 1085 1827 igitur
1102 1769 1361 1815 existimatis
1378 1773 1549 1816 malum

161 1847 259 1898 esse,
277 1842 494 1889 dolorem.
517 1839 688 1884 bonum
707 1855 815 1883 vero
833 1840 941 1896 quid
955 1838 1256 1897 voluptatem3
1275 1855 1382 1883 nam
1401 1841 1551 1898 ipsum

161 1913 298 1956 etiam
316 1908 510 1968 gaudere
529 1916 629 1952 tum
651 1907 795 1952 dicitis
816 1909 988 1951 malum
1000 1907 1114 1959 effe,
1143 1921 1286 1963 quum
1308 1908 1550 1953 maioribus

160 1980 310 2040 privat
329 1977 645 2035 voluptatibus,
675 1993 812 2035 quam
833 1992 943 2034 quas
961 1976 1106 2034 ipsum
1125 1975 1271 2025 affert.
1301 1978 1375 2020 vel
1402 1978 1552 2021 maio-

159 2064 233 2095 res
252 2046 385 2091 efficit
404 2045 604 2099 dolores,
641 2063 778 2104 quam
801 2061 917 2103 quae
935 2046 1192 2103 voluptates
1207 2045 1256 2087 in
1272 2043 1366 2102 ipso
1387 2045 1552 2090 insunt.
1618 2072 1623 2082 ι

162 2117 328 2160 etenim
350 2117 380 2158 fi
402 2114 538 2157 aliam
563 2115 620 2157 ob
644 2117 820 2158 causam
851 2115 996 2172 ipsum
1009 2114 1215 2172 gaudere
1237 2113 1407 2156 bonum
1423 2114 1550 2157 dice-

162 2184 269 2228 retis
289 2192 333 2227 et
349 2182 488 2227 alium
505 2182 643 2226 finem
659 2183 952 2242 respiceretis,
964 2182 1198 2227 *haberetis
1221 2182 1351 2226 nobis
1371 2197 1551 2240 quoque

165 2251 339 2303 dicere3
377 2250 452 2292 sed
472 2265 566 2292 non
583 2251 820 2296 habebitis.
877 2252 971 2296 Nec
989 2253 1104 2296 mihi
1124 2252 1341 2311 videntur
1365 2250 1551 2307 habere,

168 2318 317 2375 inquit
351 2318 630 2373 Protagoras.
694 2321 857 2365 Nonne
893 2322 1044 2364 rursus
1086 2322 1224 2367 etiam
1257 2321 1372 2372 eius,
1430 2318 1551 2375 quud

165 2388 319 2431 dolere
347 2386 539 2440 dicitur,
578 2390 735 2434 eadem
769 2391 827 2432 est
852 2389 999 2432 ratio?
1038 2397 1136 2434 tum
1166 2391 1380 2434 videlicet
1405 2387 1550 2446 ipsum

166 2457 313 2500 dolere
336 2455 507 2499 bonum
524 2456 688 2512 dicitis,
727 2473 873 2516 quum
884 2459 961 2501 vel
990 2475 1016 2503 a
1033 2459 1283 2503 maioribus
1308 2455 1549 2502 doloribus,

167 2540 303 2581 quam
328 2524 473 2581 quiin
497 2526 593 2584 ipso
613 2526 786 2580 insunt,
822 2525 983 2570 liberat
1004 2528 1077 2572 vel
1104 2528 1354 2584 voluptates
1384 2522 1551 2568 dolori-

168 2597 251 2639 bus
270 2595 462 2639 maiores
485 2594 641 2647 efficit3
681 2595 789 2637 nam
810 2595 839 2636 s1
862 2594 1002 2638 alium
1022 2610 1296 2653 quemquam
1317 2593 1454 2636 finem
1475 2607 1552 2634 re·-

172 2663 352 2724 spicitis,
371 2664 550 2722 quando
567 2664 712 2725 ipsum
728 2662 880 2707 dolere
896 2665 1063 2708 vocatis
1077 2664 1265 2718 bonum,
1293 2677 1427 2720 quam
1447 2672 1551 2701 eum
