1696 2878
742 8 748 30 l

563 95 1093 189 ruassuavs
1429 117 1537 183 ιη’

127 234 176 277 in
198 231 452 293 imitatione
479 223 693 289 occupata
722 236 961 287 congruet,
1001 227 1191 291 septimo
1211 230 1511 291 agriculturae

128 301 277 346 dedita
297 302 369 344 vel
388 297 616 359 operaria,
655 306 815 341 octavo
837 297 1065 373 sophistica
1088 297 1164 354 vel
1183 311 1337 346 amm
1363 315 1512 360 popu-

125 371 191 413 lar
195 385 266 413 em
287 377 483 426 captane,
508 382 629 410 nono
652 366 896 425 tyrannica.
927 365 974 408 in
993 364 1059 408 his
1079 380 1188 410 vero
1205 367 1412 414 omnibus
1429 368 1532 426 qui.

123 439 232 481 iuste
259 435 397 489 vixit,
440 435 672 479 meliorem
700 435 862 478 sortem
899 432 1191 488 nanciscitur,
1230 435 1331 501 qul
1324 434 1511 491 hinne,

128 506 413 550 deteriorem.

236 572 448 618 Etenim
435 587 482 615 in
503 571 695 616 eundem
710 604 722 624 ,
761 571 881 615 unde
897 570 1075 615 animus
1094 571 1242 629 quivis
1260 569 1509 630 ριόίὶοἰΐοι·

124 648 215 696 tur,
235 642 384 686 locum
409 655 502 683 non
525 640 766 683 revertitur
781 640 901 683 intra
920 639 1073 682 decem
1097 640 1237 683 millia
1259 655 1510 696 annorunq

123 725 216 752 nou
239 709 359 752 enim
385 707 545 766 pennis
562 706 792 751 instruitur
819 714 923 749 ante
950 706 1037 749 hoc
1062 707 1276 766 temporis
1304 708 1509 764 spatium,

53 771 57 775 ⁵
123 785 316 835 excepto
343 776 437 819 eius
465 776 644 827 animo,
693 774 772 832 qui
799 774 1133 833 philosophatus
1163 776 1221 818 est
1244 776 1408 817 sincere
1438 776 1510 820 vel

122 853 322 888 amatum
346 842 500 886 dilexit
528 856 632 884 cum
661 842 964 900 philosophia3
1005 842 1051 885 hi
1078 844 1123 884 in
1152 842 1286 884 tertio
1315 843 1508 886 circuitu

118 913 245 956 mille
276 925 521 962 annorum,
558 911 587 951 si
615 910 843 967 elegerunt
868 918 939 953 ter
970 910 1179 968 deinceps
1207 909 1326 952 hanc
1351 911 1508 960 vitam,

117 979 277 1040 pennis
291 979 486 1022 instructi
503 986 572 1020 ter
585 977 816 1021 minesuno
834 994 953 1022 anno
969 978 1211 1021 discedunt.
1236 978 1371 1021 ceteri
1384 992 1508 1031 vero,

116 1049 349 1109 postquam
373 1046 568 1105 primam
592 1046 733 1090 vitam
752 1046 990 1099 finierunt,
1032 1047 1077 1089 in
1099 1044 1312 1088 iudicium
1337 1059 1508 1089 vocan-

118 1123 219 1168 tur,
250 1115 519 1171 iudicatique
540 1114 614 1157 alii
633 1114 678 1157 in
698 1115 793 1158 loca
818 1116 1041 1174 suppliciis
1067 1115 1277 1158 destinata
1307 1113 1387 1156 sub
1410 1122 1509 1157 ter-

116 1199 214 1228 ram
245 1184 490 1242 migrantes
524 1198 718 1242 poenam
746 1184 944 1230 solvunt,
990 1184 1064 1226 alii
1092 1183 1134 1224 in
1168 1184 1393 1227 caelestem
1422 1183 1509 1227 ali-

117 1267 253 1309 quem
273 1253 423 1295 locum
455 1265 481 1293 a
502 1250 667 1294 iudicio
690 1252 795 1295 elati
832 1252 994 1295 vivunt
1023 1252 1154 1309 digne
1183 1252 1316 1307 eique
1338 1266 1508 1294 conve·-

117 1319 321 1371 menter,
350 1333 487 1375 quam
509 1317 555 1360 in
579 1318 774 1363 hominis
794 1320 943 1364 forma
965 1321 1208 1377 degerunt,
1239 1320 1366 1363 vitae.
1404 1319 1508 1362 mil-

117 1387 268 1429 lefimo
287 1394 440 1429 autem
463 1400 582 1428 anno
606 1387 787 1445 utrique
804 1389 1120 1445 pervenientes
1144 1387 1200 1429 ad
1226 1387 1510 1431 sortitionem

118 1461 251 1510 atque
271 1452 529 1496 electionem
551 1453 768 1495 secundae
787 1455 905 1496 vitae
932 1455 1127 1510 eligunt,
1164 1468 1299 1510 quam
1321 1453 1511 1511 quisquo

120 1522 259 1580 cupit.
311 1529 419 1564 tunc
451 1521 584 1562 etiam
625 1505 681 1563 in
701 1520 859 1564 bestiae
900 1521 1040 1564 vitam
1070 1520 1296 1564 humanus
1330 1521 1509 1565 animus

117 1604 202 1647 per
206 1589 327 1631 venit
345 1595 390 1630 et
409 1602 434 1646 e
453 1587 609 1641 bestia,
641 1589 716 1645 qui
736 1589 973 1645 aliquando
991 1590 1127 1632 homo
1147 1589 1294 1633 fuerat
1307 1619 1319 1639 ,
1351 1591 1508 1634 rursus

116 1657 165 1700 in
184 1656 410 1700 hominem
432 1656 607 1713 migrat.
639 1670 784 1712 neque
803 1657 937 1702 enim.
969 1658 1044 1714 qui
1064 1673 1311 1715 numquam
1334 1659 1508 1716 specta-

118 1725 186 1768 vit
215 1724 471 1772 veritatem,
516 1722 563 1765 in
592 1722 708 1766 hanc
732 1725 885 1767 veniet
913 1724 1131 1776 sormam3
1175 1734 1355 1782 oportet
1383 1727 1508 1770 enim

116 1793 347 1836 hominem
379 1791 761 1851 comprehendere
787 1809 860 1841 ea,
900 1808 1014 1849 quae
1038 1793 1407 1851 comprehendit,
1437 1794 1509 1836 se-

118 1861 314 1903 cundum
340 1862 590 1915 generalem
611 1875 728 1917 quae
750 1861 914 1904 dicitur
930 1861 1119 1920 speciem
1133 1895 1145 1912 ‚
1188 1876 1243 1904 ex
1265 1861 1421 1905 multis
1448 1861 1508 1904 il-

114 1929 206 1972 lam
229 1929 577 1986 proficiscentem
604 1929 966 1986 perceptionibus
985 1930 1033 1972 in
1052 1943 1196 1973 unum
1219 1930 1392 1972 ratione
1411 1929 1508 1973 col-

115 1998 263 2047 lectis3
304 2005 346 2040 et
375 1997 481 2040 haec
510 1999 567 2040 est
595 1998 842 2040 recordatio
873 1997 1079 2046 illorum.
1117 2012 1232 2054 quae
1264 1998 1506 2054 aliquando

115 2065 327 2122 spectavit
347 2066 526 2109 animus
548 2067 692 2108 noster
725 2079 811 2106 una
843 2064 1117 2121 proficiscens
1144 2080 1244 2108 cum
1275 2067 1383 2118 deo,
1424 2067 1507 2109 de-

115 2132 304 2188 spiciens
327 2147 440 2188 quae
462 2149 584 2176 nunc
605 2134 792 2176 dicimus
811 2136 908 2185 esse,
940 2133 1174 2192 suspiciens*
1194 2150 1302 2176 vero
1322 2134 1366 2176 id
1385 2134 1506 2191 quod

116 2214 223 2242 vere
242 2201 313 2242 est.
354 2202 558 2256 quocirca
577 2201 673 2244 iure
693 2201 784 2243 sola
810 2202 969 2263 pennis
996 2202 1227 2246 instruitur
1252 2202 1507 2260 philosophi

116 2282 269 2317 mens;
297 2266 345 2308 in
367 2267 452 2311 illis
470 2269 591 2312 enim
613 2272 811 2327 semper,
857 2283 991 2326 quam
1011 2271 1207 2314 maxime
1227 2270 1325 2313 fieri
1351 2272 1504 2330 potest,

117 2335 292 2378 defixus
315 2336 374 2376 est
392 2338 633 2384 memoria,
664 2338 710 2381 in
743 2337 904 2392 quibus
923 2338 1031 2384 deus
1047 2341 1210 2384 infixus
1231 2339 1410 2382 divinus
1431 2340 1504 2382 est.

117 2404 278 2446 talibus
299 2417 409 2444 vero
431 2404 810 2451 recordationibus
837 2407 866 2448 fi
888 2406 958 2450 vir
989 2417 1111 2456 recte
1141 2408 1308 2458 utitur,
1347 2406 1503 2465 perfe-

116 2471 195 2512 ctis
217 2472 389 2528 semper
407 2472 733 2515 lustrationibus
755 2474 983 2528 lustratus,
1013 2491 1118 2518 vere
1139 2475 1366 2534 perfectus
1387 2476 1504 2518 sulus

117 2539 297 2586 exssstit;
330 2539 556 2583 discedens
576 2556 681 2583 vero
703 2541 758 2582 ab
791 2541 998 2586 humanis
1025 2545 1174 2587 studiis
1203 2553 1245 2586 et
1274 2544 1322 2585 in
1351 2542 1504 2586 divino

116 2606 290 2648 defixus
314 2607 571 2667 increpatur
603 2624 628 2652 a
655 2609 964 2665 multitudiue,
999 2612 1116 2669 quod
1144 2620 1297 2655 mente
1327 2613 1375 2654 fit
1395 2623 1503 2668 per-

181 2677 290 2714 Tum.
326 2677 358 2716 I.
1176 2680 1226 2721 Μ
