1696 2878
489 175 1143 231 PROTAGo-R‘As
1451 185 1508 234 65

118 308 229 353 roga
246 301 310 349 ut,
340 288 722 355 quemadmodum
740 292 941 352 primum
967 291 1079 337 mihi
1096 287 1327 354 respondit
1349 294 1511 340 brevi-

118 372 189 407 ter
207 372 253 406 et
269 364 324 408 ad
344 378 396 406 ea
418 363 512 423 ipsa
531 377 647 420 quae
667 361 1068 419 interrogaveram.
1100 359 1303 408 ifl‘nune
1322 378 1508 424 quoque

118 433 406 491 respondean
449 433 510 475 sin
531 431 703 483 minua,
743 429 969 487 quomodo
990 430 1508 491 pmcedeutnolioquia?

119 500 239 544 aliud
260 501 379 544 enim
402 504 486 544 effe
504 499 754 542 arbitrabar
773 499 986 541 disserere
1003 499 1121 542 inter
1139 500 1182 541 se
1195 532 1207 551 ‚
1249 492 1369 544 allud
1393 514 1510 547 eon..

119 555 302 613 cionari.
334 570 466 614 Vides
482 576 646 618 tamen,
672 565 868 617 Socrate,
893 566 1060 622 inquit:
1091 566 1200 610 iusta
1221 567 1405 612 videtur
1422 583 1524 633 p·-

118 645 212 680 tere
231 638 494 694 Protagoras
513 636 755 697 postulans,
797 641 847 675 ut
868 633 942 676 fibi
960 634 1090 677 liceat
1111 635 1348 689 disserere,
1390 652 1522 695 quon.

118 705 256 748 modo
280 706 408 757 velit,
438 706 631 762 itemque
649 701 753 750 tibi.
783 701 1209 759 quomodocumque
1225 712 1276 745 tu
1300 706 1524 751 voluerim

119 775 242 817 Tum
273 772 520 816 Alcibiades
549 770 790 828 suscipiens
831 768 934 812 Non
963 776 1111 819 recte,
1161 770 1335 828 inquit,
1385 773 1509 827 dicis,

119 842 282 894 Callia3
300 840 515 884 Socrates
533 838 655 880 enim
685 838 758 881 hie
783 836 973 891 fatetur,
1003 836 1117 883 nihil
1138 838 1192 881 ad
1216 840 1261 881 se
1279 841 1510 899 pertinere

116 911 268 966 longas
291 908 511 951 orationes
530 914 576 949 et
594 905 714 950 cedit
727 904 1021 963 Protagoraet
1046 904 1261 950 facultate
1278 922 1393 952 vero
1410 910 1511 954 eol-

115 977 326 1033 loquendi
345 985 388 1019 et
407 976 614 1019 scientiae
634 972 820 1019 rationis
840 981 931 1015 tam
951 973 1208 1020 reddendae
1229 990 1367 1034 quam
1388 978 1511 1022 aoei-

118 1045 308 1106 piendae
334 1045 475 1089 mirer
512 1045 540 1086 fi
568 1043 639 1086 cui
670 1042 845 1086 homini
882 1041 1023 1087 cedat,
1061 1044 1215 1101 quodfi
1245 1045 1526 1104 Protagora,

116 1128 296 1172 quoque
315 1113 496 1166 fatetur,
524 1111 856 1171 imperitiorem
878 1111 921 1154 se
930 1111 1116 1156 Socrate
1135 1116 1219 1157 effe
1236 1113 1510 1173 disputandi,

117 1181 219 1226 satis
237 1182 321 1225 erit
339 1179 537 1233 Socrati,
566 1181 629 1223 sm
645 1179 693 1222 id
713 1188 903 1238 arrogat,
937 1181 1205 1239 colloquitor
1225 1181 1511 1242 interrogans

118 1258 162 1293 et
179 1250 468 1315 respondem,
491 1264 582 1291 non
600 1248 647 1291 in
666 1249 868 1306 qnalibet
884 1249 1240 1306 interrogatione
1255 1250 1525 1295 orationem·

116 1319 165 1362 in
189 1319 516 1376 longitudinem
547 1318 813 1369 extendens,
852 1318 914 1360 ita
944 1325 995 1360 ut
1023 1318 1248 1361 eludendo
1282 1320 1509 1362 sermonen

118 1386 270 1430 irritos
289 1386 447 1430 reddat
466 1401 547 1429 nec
565 1385 743 1428 dicendi
759 1386 934 1442 copiam
956 1385 1104 1429 faeere
1124 1388 1258 1440 velit,
1299 1388 1374 1431 sed
1403 1404 1511 1432 ora·

120 1455 288 1497 tionem
317 1449 560 1511 producat,
596 1454 707 1495 dum
737 1451 1021 1495 obliviscatur
1049 1467 1166 1509 qnae
1194 1453 1331 1498 fuerit
1368 1470 1511 1511 quae-

118 1523 198 1566 flio
217 1520 415 1564 maxima
435 1536 535 1579 pars
554 1519 858 1571 audientium3
888 1533 995 1560 nam
1017 1533 1100 1576 pro
1121 1519 1307 1563 Socrate
1323 1522 1511 1578 quidem

119 1590 302 1648 sponsor
318 1590 436 1640 sum,
467 1588 612 1646 ipsum
637 1601 725 1630 non
747 1590 830 1629 esse
852 1586 1114 1635 obliturum,
1145 1586 1312 1631 etiamst
1335 1590 1511 1635 iocatur

122 1667 166 1701 et
186 1659 230 1700 se
250 1654 512 1699 obliviosum
543 1659 625 1699 effe
646 1654 763 1697 dicit.
792 1655 939 1709 itaque
958 1652 1068 1696 mihi
1095 1655 1275 1699 videtur
1303 1655 1510 1702 Socraten

120 1725 333 1783 aequiora
367 1731 542 1782 petere3
603 1729 779 1782 oportet
815 1721 936 1763 enim
975 1735 1202 1780 quemque
1240 1725 1508 1770 sententiam

118 1796 242 1837 suam
267 1793 508 1836 declarare.

234 1861 362 1920 Quae
395 1875 537 1918 quum
564 1859 814 1904 Alcibiades
840 1856 1039 1912 dixiffet,
1085 1858 1117 1903 fi
1148 1868 1270 1904 recte
1297 1861 1506 1915 memini,

121 1930 278 1975 Critias
296 1937 393 1972 erat
413 1928 491 1986 qui
512 1928 711 1971 dicebatz
754 1929 796 1970 Ο
827 1926 1011 1970 Prodice
1039 1934 1084 1970 et
1112 1927 1298 1986 Hippia,
1338 1931 1506 1976 Callias

120 1999 231 2043 mihi
253 1998 431 2041 videtur
450 1997 578 2041 valde
608 2013 635 2040 a
653 1997 897 2053 Protagora
926 1998 1029 2047 effe,
1068 1989 1319 2041 Alcibiades
1349 2007 1506 2044 antem

120 2068 296 2124 semper
323 2065 655 2109 contentionem
684 2064 812 2117 facit,
867 2063 924 2107 ad
952 2061 1263 2121 quodcumque
1301 2075 1503 2113 mentem

122 2133 331 2191 appellit3
378 2150 458 2177 nos
485 2149 592 2177 vero
622 2134 743 2177 haud
777 2133 903 2175 decet
928 2146 1017 2175 una
1051 2133 1324 2176 contendere
1356 2149 1504 2192 neque

123 2215 229 2244 cum
263 2200 444 2244 Socrate
470 2217 618 2258 neque
647 2217 753 2245 cum
784 2202 1043 2257 Protagora.
1096 2201 1172 2244 sed
1198 2203 1506 2247 communiter

123 2277 367 2325 utrumque
382 2283 563 2324 rogare,
591 2276 641 2312 ut
659 2285 717 2312 ne
737 2269 934 2312 medium
954 2268 1196 2313 dissolvant
1213 2270 1503 2327 colloquium.

238 2336 358 2379 Haec
377 2335 455 2378 ubi
476 2337 665 2390 dixerat,
690 2335 906 2380 Prodicus·
932 2337 1064 2390 Bene,
1093 2338 1261 2395 inquit,
1291 2338 1406 2382 mihi
1427 2338 1504 2381 vi·

125 2403 242 2448 deris
261 2404 428 2457 dicere,
465 2403 603 2448 Critia
613 2420 627 2459 3
661 2421 767 2449 nam
795 2412 973 2462 oportet
1002 2421 1096 2455 eos,
1138 2406 1215 2464 qni
1241 2403 1502 2450 huiusmodi

123 2472 402 2516 sermonibus
419 2471 663 2527 intersunt,
704 2487 963 2516 communes
977 2473 1160 2530 quidem
1184 2477 1267 2518 effe
1284 2473 1501 2517 ambobus

124 2539 477 2597 colloquentibus
499 2542 743 2591 auditores,
783 2540 855 2582 sed
877 2557 969 2584 non
990 2543 1220 2599 aequalem
1259 2558 1352 2585 non
1373 2542 1500 2586 enim

125 2610 184 2651 est
202 2608 337 2652 idem.
369 2605 530 2652 etenim
550 2609 845 2654 communiter
874 2611 1052 2667 quidem
1073 2611 1230 2654 audire
1248 2611 1380 2653 decet
1399 2624 1502 2653 am-

124 2675 226 2728 bos,
263 2692 356 2720 non
374 2684 525 2723 tamen
549 2676 733 2737 aequale
752 2677 953 2724 tribuere
973 2679 1179 2737 utrique,
1217 2679 1294 2723 sed
1321 2676 1502 2734 sapien·

186 2749 297 2787 Tom.
326 2749 362 2788 J.
1184 2747 1226 2790 Ε
