1696 2878
511 124 1168 175 PROTAGO-RAS
1450 128 1538 177 4⁸

151 238 300 296 quoad
329 236 558 295 castigatus
581 235 743 282 melior
758 235 974 290 evaserit,
1013 237 1284 295 quicumque
1310 251 1420 282 vero
1445 249 1541 283 non

152 306 332 350 obediat
353 305 619 364 castigationi
637 320 691 351 ao
710 304 1032 364 praeceptioni,
1057 305 1093 352 ie
1109 313 1338 364 tamquam
1357 306 1541 352 insane-

152 373 251 418 bilis
271 374 472 420 eiiciatur
487 391 543 420 ex
571 375 760 422 urbibus
789 383 834 420 et
860 375 1182 427 interfit-iatum
1214 376 1247 420 s»
1270 374 1335 422 ita
1358 376 1440 427 est,
1475 375 1542 422 it·

149 457 263 486 vero
278 458 329 488 re
354 451 615 504 comparata
642 446 673 488 si
702 443 807 489 boni
834 444 899 489 illi
928 444 1014 489 viri
1041 443 1096 487 ad
1128 443 1441 508 alias-quidem
1466 459 1541 489 reo

148 512 436 556 instituendos
457 520 620 557 curant
635 512 755 558 filios
774 514 898 561 suos,
938 513 992 558 ad
1012 512 1128 557 hanc
1153 519 1308 556 autem
1335 512 1543 564 [offella

148 587 271 634 rant,
302 589 465 638 reputa
482 589 654 635 tecum,
694 596 829 638 quam
849 580 1123 626 admirabilis
1148 582 1197 623 sit
1223 579 1543 633 bonorumjh

148 648 297 691 lorum
326 650 454 692 ratio.
501 650 668 694 etenim
695 648 812 705 ipsos
844 648 995 691 doceri
1024 647 1070 692 id
1109 650 1228 705 poss'e
1255 648 1466 694 arbitrari
1487 655 1546 705 ,et

146 716 360 774 privatim
380 725 425 761 et
442 716 643 774 publice,
673 715 1100 768 demonstravimus,
1137 730 1244 773 ergo
1266 715 1370 758 licet
1383 715 1541 763 doceri

147 792 192 828 et
208 783 478 828 institutione
497 784 610 827 tradi
625 784 671 828 id
691 785 836 844 possit.
867 791 1017 827 tamen
1040 785 1095 828 ad
1114 784 1198 828 alia
1217 782 1401 841 quidem
1419 783 1539 829 filios

145 854 244 896 suos
265 852 549 897 instituendos
568 861 749 908 curant,
779 868 896 912 quae
922 855 951 896 fi
979 854 1188 910 ignorant
1215 868 1310 897 nun
1334 852 1541 899 multan-

146 928 221 964 tur
239 928 406 975 morte,
437 922 491 965 ad
513 922 625 966 haec
646 937 753 967 vero
766 955 778 975 ,
811 935 927 978 quae
946 922 1023 967 nisi
1054 920 1291 966 didicerint
1306 928 1444 978 atque
1460 921 1540 971 inq

143 989 366 1032 stitutione
386 990 691 1049 perceperint,
722 992 963 1044 virtutem,
1004 990 1107 1034 filiis
1134 989 1224 1033 suis
1243 1004 1367 1034 mors
1385 996 1431 1034 et
1450 979 1536 1037 ei-

143 1056 231 1101 filia
250 1065 294 1101 et
317 1066 497 1117 praeter
520 1067 718 1104 mortem
739 1059 965 1103 bonorum
994 1058 1316 1119 publicationes
1349 1066 1396 1104 et
1424 1058 1538 1104 uni-

80 1149 82 1155 ·
142 1126 265 1168 verse
289 1126 622 1184 propemodum
645 1129 888 1173 domorum
915 1129 1160 1172 everfiouea
1191 1127 1420 1171 accidunt:
1466 1126 1537 1173 hia

140 1194 277 1251 igitur
297 1203 348 1237 ut
362 1210 508 1251 neque
528 1196 692 1241 institui
711 1198 811 1242 illos
830 1204 995 1242 curent
1018 1212 1167 1254 neque
1193 1211 1377 1245 omnem
1405 1195 1456 1241 in
1480 1210 1537 1243 e·

143 1277 327 1322 operam
352 1263 644 1323 impendant?
697 1267 839 1312 humo
866 1265 1162 1310 existimemus
1193 1273 1397 1324 oportet,
1446 1264 1536 1311 So-

143 1339 287 1375 crate:
324 1349 351 1384 a
367 1334 532 1377 teneris
552 1335 826 1393 unguiculis,
865 1350 1010 1394 usque
1034 1335 1143 1379 dum
1163 1334 1350 1388 vivunt,
1381 1341 1426 1377 et
1445 1334 1535 1379 do-

142 1406 244 1442 cent
259 1408 305 1443 et
320 1400 604 1452 admoneam,
630 1401 894 1459 simulatque
911 1401 1071 1459 aliquis
1090 1418 1143 1446 ea
1161 1402 1409 1458 intelligere
1425 1417 1536 1445 coe-

140 1466 212 1524 pit
240 1481 354 1523 quae
391 1467 628 1520 dicuntur,
667 1475 714 1509 et
740 1467 901 1510 nutrix
931 1475 974 1510 et
1001 1476 1150 1512 mater
1176 1477 1223 1511 et
1245 1469 1533 1528 paedagogus
1555 1512 1557 1515 .

143 1535 294 1592 etipse
313 1542 440 1593 pater
457 1534 544 1576 hoc
563 1534 684 1577 inter
702 1534 746 1575 se
766 1542 961 1585 certant,
1001 1543 1054 1578 ut
1073 1550 1208 1591 quam
1229 1536 1423 1591 optimus
1447 1552 1533 1582 ex·-

142 1604 250 1647 fistat
269 1617 404 1662 puer,
436 1602 483 1643 in
502 1616 774 1659 unaquaque
797 1610 841 1644 et
862 1602 1038 1645 actione
1070 1610 1114 1644 et
1139 1603 1337 1647 dictione
1361 1604 1538 1653 decen-2

140 1678 207 1713 tes
228 1679 274 1715 et
288 1670 709 1724 commonstrantes,
738 1669 824 1713 hoc
842 1669 1005 1714 iustum
1019 1673 1129 1722 effe,
1158 1670 1268 1714 illud
1301 1671 1537 1730 iniustum,

139 1738 261 1782 aliud
281 1737 538 1796 pulchrum,
567 1737 690 1781 aliud
710 1746 856 1797 turpe,
879 1737 1000 1781 aliud
1019 1738 1158 1797 pium,
1179 1737 1298 1781 aliud
1320 1738 1530 1799 impium,

138 1817 202 1850 et:
230 1806 318 1850 h'oc
335 1805 429 1859 fac,
467 1804 578 1850 illud
604 1821 662 1849 ne
694 1805 857 1859 facias3
897 1805 1044 1863 quodfi
1071 1805 1151 1848 sua
1177 1806 1336 1864 sponte
1362 1795 1529 1867 ossedit,

138 1875 254 1920 bene
275 1877 356 1930 est,
394 1876 458 1918 fin
486 1874 661 1929 minus,
699 1876 842 1919 veluti
867 1876 1039 1932 lignum
1064 1873 1302 1919 distortum
1324 1884 1369 1921 et
1393 1876 1531 1923 infle-

134 1959 250 1990 xum
270 1958 374 1988 eum
394 1943 594 1999 dirigunt
619 1943 754 1988 minis
781 1960 831 1987 ac
853 1943 1006 2003 plagis.
1035 1942 1196 1988 deinde
1222 1944 1279 1987 ad
1302 1946 1529 2005 magistro·

136 2011 365 2057 mittentes
391 2012 534 2057 multo
552 2013 692 2069 magis
717 2013 785 2057 his
805 2012 1048 2069 iniungant
1066 2019 1117 2055 ut
1133 2026 1268 2055 curae
1287 2014 1339 2056 fit
1356 2030 1536 2072 puero-,b

139 2094 245 2124 rum
263 2081 496 2136 modestia,
532 2096 669 2139 quam
693 2082 871 2127 litterae
899 2080 1182 2140 citharaeque
1211 2088 1391 2136 caum-13
1426 2085 1528 2133 ludi

140 2162 254 2191 vero
277 2150 463 2206 magistri
484 2165 614 2194 curas
632 2151 683 2194 in
710 2151 796 2194 hoe
818 2149 1079 2201 conserunt,
1116 2155 1162 2190 et
1182 2163 1323 2207 quum
1350 2151 1526 2200 littems

141 2222 320 2272 quoque
346 2215 597 2261 didicerunt
624 2227 670 2262 et
699 2218 952 2275 intelligere
980 2219 1159 2277 poffunt
1189 2217 1376 2276 scripta,
1416 2223 1527 2267 ficut

139 2290 271 2325 antea
293 2283 568 2338 sermonem,
596 2287 779 2330 tradunt
799 2286 853 2329 iis
871 2285 919 2330 iu
933 2283 1146 2328 subselliis
1165 2285 1348 2342 legenda
1362 2299 1525 2347 poeta..

138 2366 245 2396 rum
261 2350 486 2394 bonorum
506 2354 704 2399 carmina
721 2369 862 2411 eaque
879 2353 1071 2397 ediscere
1091 2361 1271 2410 cogunt,
1292 2355 1341 2399 in
1358 2357 1523 2414 quibus

138 2419 308 2466 multae
325 2418 649 2464 admonitiones
665 2422 840 2476 insunt,
868 2423 1037 2466 multae
1054 2421 1337 2466 narrationes
1357 2433 1401 2467 et
1420 2426 1524 2471 lau-

140 2486 218 2529 des
237 2494 280 2529 et
311 2486 661 2544 praedicationes
677 2490 924 2548 priscorum
953 2489 1158 2534 virorum
1187 2489 1438 2548 bonorum,
1470 2504 1523 2538 ut

137 2569 253 2612 puer
272 2555 499 2616 aemulans
518 2572 592 2599 eos
620 2557 821 2602 imitetur
841 2565 969 2618 atque
990 2561 1231 2609 contendat
1246 2569 1298 2604 ut
1317 2562 1415 2605 talis
1434 2578 1521 2606 ex-

136 2624 259 2669 sistat.
298 2623 530 2670 citharistis
554 2641 731 2687 quoque
757 2626 928 2687 pariter
962 2629 1261 2692 temperantia
1288 2645 1426 2676 curae
1461 2630 1521 2676 est
