1696 2878
658 90 1040 146 PHAEno
1454 94 1539 141 ⁵85
1624 96 1629 101 '

158 206 279 249 enim
315 204 546 250 dicebatur
581 219 607 248 e
641 201 868 249 contraria
899 217 952 247 re
982 202 1254 251 nonu-nim
1285 217 1389 250 rem
1426 203 1541 256 fieri,

157 289 282 318 nuno.
301 288 435 329 vero,
464 274 615 333 ipsum
638 271 915 316 contrarium
947 286 1203 330 numquam
1222 269 1384 321 hinet.
1409 271 1542 331 ipsiu·

157 341 432 389 contrarium
453 340 549 386 fieri
575 343 706 416 peffe-
711 354 858 397 neque
889 340 937 384 in
963 340 1090 384 nobis
1117 355 1264 398 neque
1287 330 1342 387 in
1365 347 1542 397 natum

155 416 257 454 tum
279 409 510 462 videlicet,
561 424 588 453 o
619 407 781 460 amice,
831 407 888 451 de
911 408 1046 453 rebus
1073 408 1398 470 disserebamus·
1427 422 1543 468 qm

157 477 381 523 contraria
397 476 590 531 habent,
628 475 684 520 ab
707 475 777 519 his
802 491 875 522 eas
898 477 1208 531 nominantes,
1248 492 1373 520 nunc
1389 483 1544 539 antem

156 544 214 591 do
241 545 294 589 iis
317 545 441 604 ipfiu,
470 561 497 592 a
519 544 703 604 quibus,
733 546 763 591 st
787 544 962 598 insunt,
999 560 1071 589 res
1094 546 1414 600 nominarunt-3
1450 545 1547 606 ips·

156 629 263 660 vero
278 613 388 658 haec
406 629 656 672 numquam
685 613 914 659 statuimus
933 615 1264 668 generationem
1287 615 1402 658 velle
1427 614 1548 669 inte:

154 684 201 728 se
219 682 432 742 recipere.
492 682 640 740 Atque
658 682 786 728 simul
804 682 982 727 intuens
1002 683 1048 727 in
1068 682 1281 728 Cebetem
1299 681 1548 740 Numquid,

154 750 326 808 inquit.
369 751 532 806 Cebes,
572 752 651 796 illa
678 759 722 796 te
750 750 1078 811 perturbarunt
1102 766 1218 808 quae
1253 750 1375 797 hicce
1404 750 1547 797 dixit?

154 820 256 866 Non
275 819 464 872 iterum,
506 819 569 866 ait
588 819 748 873 Cebes,
787 820 847 863 ita
869 819 1059 866 affectus
1085 821 1208 872 sum,
1249 827 1292 863 et
1321 820 1407 869 tale
1436 818 1548 877 'quid

156 887 373 936 confiteor
391 903 466 936 me
483 903 574 933 non
595 888 727 931 valde
748 888 1027 947 perturbare.
1071 887 1375 935 Consonsnnus
1393 888 1548 945 igitur,

156 955 608 1015 inquit‚s1mpliciter
626 957 735 1010 hoc,
766 972 1016 1014 numquam
1033 957 1314 1005 contrarium
1334 956 1400 1001 sui
1418 958 1547 1016 ipstua

155 1024 255 1071 fore
286 1024 577 1083 contrarium.
633 1025 701 1068 Ita
727 1025 930 1083 prorsus.
972 1025 1036 1068 ait
1063 1024 1155 1069 ille.
1214 1026 1453 1070 Praeterea
1478 1033 1548 1080 et·-

156 1092 247 1136 iam
275 1091 363 1134 hoc
392 1091 507 1135 mihi
535 1092 792 1150 perpende.
838 1091 1008 1149 inquit,
1048 1106 1107 1135 an
1129 1091 1397 1139 consentia„
1438 1094 1549 1142 cali-

157 1162 328 1205 dumne
346 1158 515 1220 aliquid
531 1173 664 1201 vocas
692 1166 739 1201 et
765 1157 1015 1215 frigidum?
1046 1158 1142 1216 Ego
1169 1174 1295 1210 vero
1351 1160 1474 1208 Num
1501 1161 1549 1208 iel

157 1229 276 1287 quod
299 1227 452 1270 nivem
474 1233 517 1268 et
537 1225 719 1282 ignem?
756 1225 859 1269 Non
889 1225 1099 1282 equidem
1127 1226 1403 1271 mehercule.
1459 1228 1550 1278 Sed

159 1295 387 1344 diversum
409 1292 517 1350 quid
534 1292 591 1336 ab
611 1292 714 1350 igne
732 1293 927 1338 calidum
951 1301 995 1336 et
1020 1292 1249 1340 diversum
1269 1294 1376 1351 quid
1398 1310 1426 1340 ι
1442 1297 1551 1342 nive

159 1361 405 1420 frigidum?
434 1362 511 1407 lta.
560 1361 657 1408 Hoc
677 1369 844 1415 autem,
877 1362 1051 1420 opinor,
1082 1362 1263 1409 videtur
1281 1362 1379 1414 tibi,
1410 1380 1551 1411 nnm-

161 1446 299 1490 quam
326 1429 500 1483 nivem,
538 1437 758 1488 quatenus
784 1430 863 1475 nix
891 1433 965 1484 fit,
1016 1430 1309 1491 recipientem
1339 1433 1552 1489 calidum,

160 1509 212 1546 ut
235 1501 367 1558 supra
394 1497 616 1553 diximus,
646 1498 792 1542 adhuc
820 1498 1024 1543 intutam
1053 1503 1137 1544 effe
1166 1500 1211 1544 id
1240 1501 1364 1559 quod
1388 1501 1553 1557 fuerit,

161 1567 319 1616 nivem
346 1568 561 1624 fimulque
590 1567 805 1622 calidam,
851 1567 926 1611 sed
963 1568 1202 1615 accedente
1230 1568 1375 1615 calido
1402 1566 1552 1620 aut'se

162 1638 487 1682 subtracturam
506 1635 583 1686 aut,
611 1635 896 1680 interituram
917 1639 1016 1684 effe.
1076 1636 1192 1683 Sane
1211 1638 1406 1694 quidem.
1464 1638 1553 1689 Et,

162 1708 255 1750 iam
281 1706 460 1763 ignem,
490 1705 729 1749 accedente
758 1704 799 1748 ei
828 1704 1016 1763 frigido,
1046 1713 1126 1750 aut
1154 1706 1199 1748 se
1222 1705 1551 1766 subducturum

163 1783 244 1820 aut
260 1773 549 1818 interiturum
581 1777 687 1827 effe,
723 1788 807 1819 nec
835 1788 1053 1832 umquam
1078 1776 1220 1834 poffe,
1258 1771 1554 1833 recipientem

163 1844 326 1902 frigus,
363 1840 511 1885 adhuc
542 1845 624 1885 effe
648 1842 770 1898 quod
796 1841 959 1893 suerit,
997 1843 1150 1900 ignem
1177 1843 1392 1900 fimulque
1422 1843 1555 1903 frigi-

164 1913 291 1957 dum.
350 1911 491 1963 Vera,
520 1909 692 1967 inquit,
722 1910 844 1955 dicis.
903 1912 977 1956 Est
990 1911 1147 1970 igitur,
1174 1910 1334 1968 iuquit,
1363 1912 1411 1957 in
1430 1928 1554 1962 nou-

165 1980 301 2025 nullis
315 1978 450 2024 rebus
469 1978 779 2027 huiuscemodi
797 1979 988 2036 generis,
1017 1986 1071 2024 ut
1090 1993 1179 2033 non
1197 1979 1276 2039 ipfi
1295 1979 1431 2026 modo
1447 1982 1555 2042 spe·

165 2048 250 2094 ciei
266 2047 387 2091 idem
407 2062 574 2095 nomen
606 2046 892 2104 impertiatur
918 2048 965 2094 iu
995 2054 1289 2108 perpetuum,
1318 2049 1390 2094 sed
1415 2047 1554 2093 etiam

167 2118 244 2161 alii
262 2117 356 2171 cui,
393 2115 513 2175 quod
532 2131 624 2160 non
645 2117 702 2159 est
722 2116 799 2158 illa
831 2115 1013 2175 species,
1044 2117 1159 2162 inim
1185 2134 1316 2171 vei-0,
1352 2118 1555 2174 quoties·-

168 2199 362 2242 cumque
380 2186 459 2238 est,
498 2186 675 2243 semper
691 2183 828 2231 habet
858 2184 1069 2230 formam.
1106 2185 1154 2232 in
1174 2186 1244 2230 his
1269 2195 1421 2232 autem
1453 2186 1555 2230 for-

167 2256 274 2299 taffe
291 2253 424 2299 etiam
447 2248 612 2298 clarius
639 2253 724 2297 erit
746 2254 866 2315 quod
889 2253 1005 2296 dico.
1043 2255 1187 2314 impar
1208 2254 1419 2305 videlicet
1435 2256 1555 2298 sem·-

167 2336 253 2380 per
285 2319 418 2364 debet
448 2321 534 2367 hoc
573 2336 739 2364 nomen
784 2320 990 2364 obtinere
1025 2322 1142 2380 quod
1177 2339 1301 2369 nunc
1337 2322 1555 2374 dicimu33

166 2388 350 2438 nonne?
381 2387 498 2438 Sane
521 2387 713 2446 quidem.
769 2389 890 2438 Num
907 2389 955 2439 id
975 2391 1116 2437 solum
1139 2407 1197 2442 ex
1216 2391 1425 2437 omnibus
1445 2389 1553 2444 (hoe

171 2459 230 2500 est
255 2456 374 2500 enim
401 2456 444 2499 id
476 2455 594 2515 quod
625 2459 832 2513 quaero),
883 2473 939 2501 an
967 2459 1097 2506 etiam
1124 2460 1244 2504 aliud
1280 2458 1388 2516 quid
1418 2455 1555 2514 quod,

170 2525 275 2568 licet
297 2540 387 2568 non
415 2525 465 2569 fit
482 2524 602 2567 idem
620 2527 738 2582 quod
758 2525 928 2584 impar,
968 2534 1118 2572 tamen
1139 2537 1182 2571 et
1200 2526 1388 2585 proprio
1406 2526 1487 2566 sno
1507 2531 1556 2566 et

172 2593 247 2639 illo
266 2593 446 2640 nomine
466 2594 642 2653 semper
662 2594 934 2659 appellemus
952 2607 1146 2661 oportet,
1173 2603 1415 2662 propterca
1432 2590 1552 2657 qupd
