1696 2878
670 98 1095 179 putabo:
1477 118 1558 183 ae2

170 238 416 302 sumptioni
428 204 754 288 sabaei-orm?
790 243 851 287 fin
878 242 977 300 quis
1001 240 1079 287 alii
1109 220 1289 293 cuidam
1313 234 1561 304 sumptioni

171 310 477 364 adhaerescat,
507 325 611 356 eum
631 311 784 354 valere
798 308 972 352 iubebis
988 325 1073 354 nec
1089 311 1387 371 respondebis,
1417 312 1560 357 donee

169 393 224 422 ea
241 393 356 437 quae
373 394 433 423 ex
452 378 529 422 illa
549 379 880 436 consequantur
898 379 1264 434 consideraveris,
1303 394 1424 426 num
1439 380 1560 429 iuter

166 447 213 491 se
234 447 510 492 consentiant
526 462 584 491 an
605 445 892 506 discrepent?
923 455 968 489 et
996 448 1024 489 fi
1049 446 1168 491 illius
1191 448 1322 507 ipfius
1346 458 1390 493 te
1415 438 1560 510 opor-

166 522 257 563 teat
283 515 501 559 rationem
530 514 714 570 afferre,
755 515 818 559 ita
845 529 945 558 eam
982 515 1166 570 affer-0³3
1196 525 1245 560 ut
1274 518 1408 563 aliam
1433 519 1560 563 sum-
1634 554 1639 565 .

165 584 368 643 ptioncm
387 598 528 644 ponas
549 597 665 640 quae
683 598 741 627 ex
766 582 999 626 altioribus
1026 585 1195 644 optima
1217 584 1448 634 videatur.
1471 576 1559 632 do-

166 667 248 696 nec
271 651 329 696 ad
357 650 524 710 aliquid
564 652 822 710 perveneris
863 653 983 709 quod
1020 650 1276 706 satisfaciat3
1335 669 1420 697 neo
1446 668 1558 699 vem

164 721 318 765 omnia
337 719 606 774 confundes,
643 727 694 762 ut
712 722 966 764 contentiofi
985 721 1306 779 disputatores,
1345 722 1474 766 simul
1499 720 1574 771 de.
1610 720 1618 733 '

163 787 387 847 principio
409 788 625 831 disserens
649 796 694 830 et
715 788 771 831 de
789 789 1157 847 consequentibus
1185 787 1303 842 eius,
1341 789 1560 848 fiquidens

164 854 333 912 aliquid
353 856 448 900 veri
469 857 665 900 volueris
690 857 923 916 reperire?
962 857 1048 901 illis
1079 857 1198 901 enim
1217 857 1371 901 nullus
1398 856 1560 916 profe-

165 932 237 967 cto
255 925 311 967 de
332 923 418 968 hoc
439 926 585 968 sermo
603 925 661 967 est
687 925 899 982 nullaque
918 926 1148 983 cogitatio:
1191 917 1559 984 possunt'scilieet

159 1008 246 1053 pro
267 991 480 1050 sapientia
497 993 575 1035 sua
595 992 749 1035 omnia
769 993 895 1035 fimul
914 994 1200 1036 commiscere
1220 1000 1264 1036 et
1296 993 1373 1038 fibi
1400 1001 1559 1038 umen

160 1061 261 1121 ipfis
278 1060 477 1118 placere:
508 1067 557 1102 tu
578 1067 754 1111 autem,
784 1060 814 1101 fi
832 1074 880 1100 es
895 1059 943 1106 in
959 1060 1246 1118 philosophis,
1275 1060 1351 1112 ita,
1379 1060 1557 1119 opinor,

93 1163 101 1169 .
161 1136 215 1173 ut
231 1128 346 1182 dico,
376 1125 527 1171 facies.
584 1126 835 1179 Vei-imma,
863 1126 1038 1184 inquit,
1067 1128 1208 1183 dieis,
1220 1127 1431 1175 Simmiae
1447 1144 1555 1175 eum

160 1197 408 1310 cebegchc
450 1262 510 1306 Et
525 1261 572 1304 id
595 1261 794 1319 quidem,
820 1223 1101 1314 mehercule,
1130 1260 1339 1312 Phaedo‚
1366 1263 1556 1319 merito3

161 1350 269 1379 nam
306 1332 380 1376 ille
420 1329 535 1374 mihi
566 1329 746 1374 videtur
782 1329 954 1374 mitum
983 1345 1121 1388 quam
1152 1330 1389 1390 perspicue
1417 1332 1557 1377 etiam

162 1400 380 1447 hebetiori
398 1399 510 1443 haec
532 1398 794 1458 exposuiss‘e.

276 1467 460 1521 Phaed.
518 1468 605 1522 lta,
641 1467 910 1522 Echecrate,
939 1467 1075 1511 etiam
1101 1466 1315 1512 omnibus
1336 1483 1555 1529 praeuen-
1605 1498 1612 1502 »

161 1541 281 1586 tibus
299 1538 446 1582 visum
471 1536 543 1579 est·

273 1606 392 1653 Ech.
448 1604 507 1648 Et
527 1602 653 1646 nobis
671 1619 849 1662 quoquc
879 1603 1156 1658 absentibus,
1193 1620 1316 1652 nunc
1333 1620 1444 1651 vero
1463 1620 1553 1653 an-

162 1675 401 1722 aientibus.
437 1681 485 1716 at
504 1687 726 1729 quaenam
746 1672 908 1716 deinde
927 1674 1045 1717 dicta
1064 1673 1198 1718 sunt?

282 1739 458 1787 Phaed-
527 1740 762 1799 Quantum
808 1742 1018 1798 equidem
1055 1742 1263 1795 memini,
1316 1743 1550 1800 postquam

160 1815 239 1874 ipsi
255 1811 363 1855 haec
381 1812 578 1851 concessa
597 1817 723 1860 erant
743 1817 786 1851 et
812 1811 927 1853 inter
947 1826 1028 1853 nos
1054 1817 1341 1863 convenerat,
1380 1825 1551 1854 unam-

161 1894 389 1940 quamque
411 1877 654 1920 sormarum
673 1880 757 1920 effe
785 1886 829 1920 et
858 1893 975 1935 quae
1004 1879 1180 1923 illarum
1206 1878 1446 1937 participia
1479 1880 1552 1921 es-

161 1953 271 2001 sent,
295 1948 350 1990 ab
370 1946 439 1988 his
461 1946 558 2005 ipfis
579 1945 819 1998 nominari,
844 1946 1052 2003 deinceps
1068 1945 1341 2004 interrogans
1362 1946 1550 2006 Quodfi,

161 2016 330 2074 inquit,
369 2013 480 2057 haec
503 2014 563 2057 ita
585 2014 718 2066 dicis,
748 2029 921 2067 nonne,
954 2014 984 2057 ss
1011 2014 1240 2059 Simmiam
1271 2015 1459 2060 Socrate
1482 2014 1549 2059 ain

161 2085 381 2129 maiorem
397 2084 494 2134 effe,
523 2082 762 2125 Phaedone
783 2089 936 2125 autem
955 2083 1188 2138 minorem,
1216 2083 1326 2134 dicis
1342 2091 1439 2127 tum
1462 2085 1549 2128 effe

163 2155 212 2197 in
228 2153 416 2198 Simmia
433 2157 704 2206 utrumque,
743 2156 786 2191 et
806 2149 1155 2205 magnitudinem
1184 2159 1229 2194 et
1247 2151 1548 2210 parvitatem?

162 2224 257 2279 Ego
289 2235 414 2263 vero.
474 2216 535 2259 At
554 2231 675 2268 vero,
704 2216 864 2273 inquit,
895 2218 1112 2274 concedis,
1139 2218 1240 2273 hoc,
1272 2219 1394 2276 quod
1420 2218 1548 2263 Sim-

163 2292 278 2334 mias
295 2290 470 2346 superet
487 2283 741 2338 Socratem,
771 2299 864 2327 non
880 2316 893 2338 ‚
922 2294 974 2329 ut
989 2287 1043 2330 ad
1063 2287 1251 2334 verbum
1274 2288 1453 2341 dicitur,
1482 2286 1548 2329 ita

164 2371 342 2416 quoque
368 2354 520 2410 reapse
548 2355 655 2406 &1503
702 2367 848 2409 neque
878 2355 999 2399 enim
1033 2355 1095 2400 ita
1121 2364 1431 2416 comparatum
1461 2357 1548 2397 ess'e

165 2423 403 2469 Simmiam
429 2428 481 2462 ut
510 2421 688 2478 superet
710 2430 952 2480 propterea
978 2425 1094 2480 quod
1127 2425 1338 2470 Simmiae
1368 2425 1441 2476 fit,
1470 2421 1547 2464 sed

164 2499 354 2550 propter
379 2488 732 2546 magnitudinem
762 2506 898 2547 quam
926 2491 1112 2548 habeat,
1156 2506 1301 2549 neque
1330 2491 1465 2534 etiam
1494 2496 1548 2532 ut

167 2560 396 2603 Socratem
420 2558 598 2614 superet
618 2564 857 2614 propterea
885 2559 1004 2616 quod
1022 2560 1228 2606 Socrates
1256 2561 1305 2602 fit
1327 2557 1548 2610 Socrates,

170 2627 244 2673 fed
266 2626 383 2687 quod
399 2624 666 2685 parvitatem
681 2624 818 2671 habet
844 2626 1047 2676 Socrates
1065 2628 1122 2673 ad
1141 2627 1258 2673 iuius
1272 2623 1547 2687 magnitudi-
