1696 2878
610 142 1060 203 ‚coactae
1435 143 1512 201 §m

139 265 333 323 Gorg-ia,
360 262 461 319 erit,
490 265 580 308 {ite
595 260 811 317 utemur?
841 260 897 304 de
914 261 1179 319 quibusnam
1196 261 1334 309 nebu·
1349 261 1518 307 civitati

134 331 370 376 'consulere
388 331 668 408 poterimus?
712 338 868 374 utrum
885 330 1070 377 ‹ie-iusto
1087 337 1263 383 tam
1280 338 1326 376 et
1341 329 1518 384 iniusto,

139 415 199 444 an
219 400 354 444 etiam
376 398 461 443 de
447 399 502 446 iia
519 413 631 456 quae
648 398 758 445 socr
759 406 849 443 ates
865 398 1002 444 modo
1017 397 1317 452 memorauit?
1338 399 1519 456 §owe

139 467 278 524 igitur
298 467 366 517 hie
391 467 675 528 respondere·

258 558 368 603 Gor.
401 558 476 603 At
496 573 577 617 ego
596 557 677 602 tibi
695 558 905 612 conabor,
935 558 1130 611 Socrate,
1163 555 1395 602 manifesto
1411 564 1523 616 ape·-

140 627 231 672 rire
243 627 492 671 rhetoricae
505 627 596 671 vim
609 627 893 681 univer-fanu
923 628 1014 686 ipse
1033 627 1153 670 enim
1167 626 1279 669 bene
1288 625 1522 685 praeivissi·
1579 619 1582 627 ¹

141 695 223 738 scis
235 695 444 739 videlicet
455 695 573 739 haud
591 694 724 754 dubie
736 696 849 739 haec
865 695 1039 738 navalia
1051 701 1092 736 et
1111 709 1265 737 muros
1274 694 1525 738 Athenien·-

143 764 252 806 fium
271 771 314 806 et
330 771 543 822 portuum
557 764 896 807 exstructionem
913 761 1077 822 partim
1089 762 1393 806 Themistoclis
1410 777 1524 807 cou-

142 831 235 874 filio
253 830 371 874 facta
392 834 476 874 effe
493 831 655 891 partim
675 831 872 882 Periclis,
902 844 993 874 non
1015 828 1243 888 opificum.

257 910 331 953 So.
388 909 567 954 Dicitur
591 910 697 964 hoc,
727 909 917 968 Gorgia,
946 908 1003 951 de
1031 908 1352 961 Themistocle,
1391 907 1523 952 Peri-

141 978 253 1022 clem
271 993 377 1020 vero
392 978 485 1034 ipse
505 976 638 1020 etiam
656 977 811 1023 audivi
822 1010 835 1033 ‚
873 992 1015 1036 quum
1045 978 1272 1022 confilium
1290 976 1421 1021 nobis
1439 976 1524 1020 da·-

140 1053 208 1089 ret
225 1045 280 1088 de
301 1045 448 1087 medio
466 1051 613 1088 muro.

254 1125 364 1170 G-or.
422 1125 484 1171 Et
501 1125 680 1187 quando
700 1126 878 1172 creandi
900 1128 1000 1172 sunt
1019 1127 1082 1172 illi
1092 1161 1110 1182 ,
1140 1143 1251 1188 quos
1268 1128 1401 1189 supra
1421 1142 1524 1172 me·

141 1194 343 1247 morasti,
372 1193 578 1248 Socrate,
618 1194 741 1240 vides
764 1196 966 1240 rhetores
987 1200 1095 1251 ess'e,
1125 1198 1199 1255 qui
1225 1198 1273 1240 in
1293 1195 1523 1239 confilium

141 1261 436 1306 adhibeantur
458 1277 743 1321 quorumque
771 1264 985 1308 sententia
1003 1265 1154 1308 vincat
1173 1265 1222 1308 in
1239 1264 1323 1308 his.

257 1341 330 1385 So.
389 1342 484 1387 Hoc
498 1343 642 1403 ipsum
662 1343 910 1398 admirans,
939 1343 1133 1402 Gorgia,
1164 1342 1432 1389 iamdudum
1453 1342 1528 1384 in-

146 1419 322 1468 terrogo
357 1424 471 1466 quae
508 1411 688 1457 tandem
721 1412 770 1453 fit
803 1410 869 1453 vis
903 1410 1175 1472 rhetorica„
1213 1410 1368 1455 divina
1404 1408 1527 1453 enim

148 1478 338 1536 quadam
357 1476 469 1521 mihi
489 1476 665 1520 videtur
681 1477 989 1533 magnitudine
1007 1481 1090 1522 esre
1108 1476 1168 1520 ita
1185 1476 1426 1536 reputanti.

264 1557 371 1603 Gor.
428 1554 543 1601 Saue
563 1557 592 1599 fi
613 1556 763 1599 omnia
780 1555 935 1610 scires,
964 1554 1170 1605 Socrate,
1208 1569 1527 1614 propeoamee

147 1626 356 1671 videlicet
376 1624 495 1668 vires
514 1623 654 1682 ipsam
673 1624 721 1667 in
742 1625 786 1666 se
801 1624 1045 1669 continere.
1084 1638 1298 1681 maguum
1317 1640 1423 1690 vex-'o
1443 1626 1530 1672 tibi

149 1701 460 1753 argumentum
487 1691 686 1736 afferam.
733 1692 899 1735 etenim
928 1691 1096 1751 saepius
1130 1691 1221 1736 iam
1252 1707 1357 1737 cum
1385 1694 1529 1740 fratre

148 1763 394 1820 ceterisque
422 1760 607 1805 medicis
642 1762 855 1806 accedens
890 1761 944 1804 ad
981 1767 1281 1818 aegrotantem
1316 1762 1530 1820 aliquem,

150 1831 229 1889 qui
244 1844 388 1886 neque
397 1829 772 1883 medicamentum
791 1829 945 1875 bibere
964 1843 1108 1886 neque
1124 1829 1180 1872 ad
1198 1830 1434 1874 secandum
1452 1832 1530 1877 vel

149 1898 375 1943 urendum
394 1899 438 1940 se
457 1899 620 1946 dedere
638 1898 770 1942 vellet
795 1896 995 1951 medico,
1031 1897 1063 1941 fi
1085 1898 1349 1956 persuadere
1377 1899 1530 1944 medi-

151 1983 226 2011 cus
244 1982 335 2011 non
352 1971 503 2026 postet,
524 1982 603 2025 ego
622 1967 814 2025 persuafi
832 1965 954 2008 nulla
975 1963 1059 2008 alia
1078 1971 1174 2014 arte
1194 1966 1271 2010 nifi
1288 1967 1526 2013 rhetorica·

150 2036 220 2081 aio
242 2035 376 2080 etiam
395 2036 444 2079 in
466 2034 651 2087 urbem,
682 2048 1005 2092 quamcunque
1022 2027 1113 2089 νβ’,
1146 2035 1177 2079 si
1197 2036 1402 2081 venerint
1417 2036 1531 2082 rhe-

152 2111 224 2146 tor
239 2111 284 2147 et
301 2104 497 2147 medicus
517 2102 752 2160 verbisque
771 2103 1014 2159 disceptare
1034 2099 1221 2147 debeant
1247 2103 1295 2147 in
1318 2103 1532 2149 concione

153 2171 229 2218 vel
246 2171 330 2215 alia
348 2171 560 2231 quapiam
579 2171 937 2229 congregatione,
967 2176 1117 2216 utrum
1145 2179 1350 2230 oporteat
1369 2171 1531 2226 creari,

154 2238 382 2293 rhetorem
405 2254 462 2283 an
490 2239 741 2292 medicum,
771 2255 854 2298 pro
881 2238 1020 2293 nihilo
1038 2238 1239 2284 vitm-um
1267 2243 1353 2286 effe
1378 2239 1530 2288 medi-

156 2321 280 2359 cum,
312 2305 386 2347 sed
407 2314 607 2363 creatum
628 2307 685 2350 iri
702 2306 880 2365 dicendi
902 2298 1115 2366 peritum,
1142 2308 1350 2368 siquidem
1370 2307 1533 2351 volue-

156 2375 230 2419 rit.
261 2381 304 2416 et
323 2375 352 2416 fi
369 2388 472 2416 cum
491 2373 577 2432 alio
597 2373 772 2432 opifice,
801 2375 1067 2435 quicumque
1084 2378 1156 2438 est,
1185 2378 1393 2430 decertet,
1422 2390 1534 2437 per-

157 2442 339 2484 suadeat
364 2447 418 2482 ut
443 2442 537 2499 ipse
562 2449 767 2491 creetur,
811 2442 966 2487 rhetor
981 2444 1120 2504 magis
1147 2461 1285 2503 quam
1316 2444 1430 2488 alius
1458 2442 1534 2487 ul·

157 2511 248 2562 lus3
276 2507 389 2552 nihil
421 2508 478 2551 est
490 2523 651 2563 emm,
681 2509 735 2553 de
756 2525 844 2568 quo
869 2526 961 2556 non
988 2509 1042 2558 ad
1068 2512 1431 2573 pensuadendum
1452 2525 1534 2555 ac-

161 2572 481 2620 commodatius
513 2577 630 2620 dicat
655 2577 841 2634 xhetor,
877 2596 1006 2638 quam
1033 2582 1144 2626 alius
1170 2582 1288 2625 ullus
1318 2579 1532 2639 opificum

160 2645 278 2705 apud
299 2644 531 2703 populum.
590 2645 666 2690 Vis
693 2644 827 2702 igitur
845 2656 968 2694 tanta
996 2650 1054 2694 est
1073 2659 1116 2694 et
1138 2649 1235 2697 talis
1253 2648 1387 2694 huius
1411 2644 1532 2691 artis.
