1696 2878
482 145 986 202 PHAEDRVS
1342 152 1427 210 ηε

52 263 141 321 qui
135 276 242 320 que
260 238 498 321 perageim
526 259 719 317 sequitur
749 273 859 302 vero
891 258 1178 321 quicumque
1195 268 1241 307 et
1264 262 1359 307 vult
1385 271 1430 309 et

52 333 216 392 potest3
262 329 431 374 invidia
463 329 581 373 enim
609 335 738 373 extia
769 327 955 371 chorum
990 328 1198 378 divinum
1227 332 1428 388 consistit.
1465 334 1482 345 χ

54 399 246 459 Quando
271 397 410 457 igitur
438 398 491 442 ad
523 397 679 456 epulas
708 404 752 440 et
781 396 1045 441 convivium
1073 383 1427 481 proiidseuutiu·‚

53 470 110 513 ad
140 470 398 530 supremum
436 467 546 511 caeli
586 465 800 510 famicem
831 466 1008 519 versus,
1057 467 1199 510 uidua
1234 467 1326 519 iun
1355 469 1430 516 νὴ

52 537 316 590 ascendunt3
347 543 390 579 et
407 535 594 579 deorum
612 534 795 592 quidem
815 550 972 583 currus
986 566 998 586 ,
1029 535 1107 592 qui
1128 535 1286 580 facile·
1270 545 1333 581 ita
1352 551 1429 582 re·

50 614 233 664 guntur,
262 613 313 648 ut
331 604 586 662 aequalibus
601 604 820 647 librentur
838 602 1122 660 ponderibus,
1145 605 1272 648 nullo
1287 616 1436 664 nego-³

51 674 116 717 tio
144 674 375 728 feruntur,
406 673 566 730 reliqui
597 680 745 715 autem
777 669 1013 714 difficulter
1024 688 1038 724 ς
1069 671 1282 729 deprimit
1308 674 1430 718 enim

50 759 191 802 equus
210 740 441 802 pravitatis
460 740 599 783 socius
610 739 664 782 ad
686 747 851 782 terram
864 738 1080 782 inclinans
1101 747 1146 781 ct
1164 739 1428 796 degravans,

49 814 79 856 fi
98 813 216 856 male
234 812 444 854 educatus
460 810 518 851 est
538 807 592 850 ab
615 806 792 864 aurigis.
832 806 906 851 hic
923 806 1059 863 igitur
1074 806 1202 851 labor
1220 816 1263 851 et
1281 818 1429 853 certa·-

48 896 155 925 men
176 872 429 923 extremum
450 875 600 920 animo
619 877 837 935 propofita
859 877 972 918 sunt.
1014 875 1288 919 immortales
1307 876 1428 922 enim

49 948 125 1005 qui
143 946 376 1000 dicuntur,
407 960 549 1000 quum
566 944 620 987 nd
642 945 867 988 summum
888 952 1135 997 venerunt,
1175 943 1296 989 foras
1317 960 1429 1005 pro-

46 1012 154 1059 fecti
175 1015 409 1058 confistunt
427 1013 474 1057 in
496 1013 603 1057 caeli
623 1012 763 1064 dorso,
780 1013 1052 1056 consistentes
1072 1028 1179 1057 vero
1199 1012 1315 1072 ipsos
1334 1014 1430 1058 cin-

46 1082 244 1127 cumfert
272 1081 507 1136 circuitus3
555 1087 599 1124 et
624 1080 673 1124 hi
701 1081 884 1140 quidem
921 1083 1122 1142 spectant
1157 1096 1273 1141 quae
1299 1090 1428 1127 extra

46 1151 218 1195 caelum
239 1152 353 1195 sunt.

163 1219 535 1279 supercaelestem
562 1226 711 1262 autem
731 1219 880 1264 locum
910 1236 1058 1280 neque
1086 1220 1321 1281 quitquam
1348 1239 1427 1268 ce-

45 1289 259 1340 lebravit,
296 1288 373 1346 qui
399 1287 472 1331 hic
494 1287 701 1340 fuerunt,
739 1297 998 1347 poetarum,
1035 1306 1183 1349 neque
1208 1306 1427 1352 umquam

48 1355 283 1401 celebrabit
301 1371 387 1414 pro
406 1354 634 1411 dignitate.
676 1355 738 1398 ita
761 1372 866 1401 vero
897 1357 975 1401 est:
1013 1360 1271 1405 audendum
1305 1361 1429 1405 euim

47 1439 202 1468 verum
224 1423 394 1474 dicere,
423 1421 681 1480 praesertim
707 1423 763 1464 de
791 1425 981 1468 veritate
1014 1427 1192 1471 dicenti.
1252 1428 1429 1472 coloris

46 1492 267 1543 videlicet,
295 1489 464 1547 figurae
492 1496 535 1530 et
561 1487 764 1531 tactionis
781 1504 940 1547 expers
967 1501 1132 1537 natura
1152 1506 1261 1540 vere
1286 1497 1428 1540 confi-

46 1565 157 1608 stens
173 1561 250 1603 nifi
279 1558 334 1601 ab
355 1557 494 1600 animi
520 1555 852 1614 gubernatrice,
891 1559 1086 1612 ratione,
1128 1562 1316 1620 spectari
1341 1578 1427 1608 na-

46 1630 169 1686 quit‚
198 1642 338 1685 prope
357 1640 491 1682 quam
513 1639 647 1667 verae
671 1625 875 1669 scientiae
892 1640 1030 1683 genus
1046 1630 1176 1672 suum
1196 1631 1334 1676 habet
1353 1632 1428 1676 lo-

45 1711 164 1740 cum.
197 1710 336 1752 quum
363 1692 498 1750 igitur
525 1693 596 1736 dei
625 1707 750 1735 mens
779 1693 956 1737 ratione
982 1702 1027 1738 et
1051 1697 1232 1742 scientia
1259 1701 1428 1744 fineen

45 1766 191 1808 alatur
210 1761 442 1818 omnisque
459 1754 619 1815 aniini,
650 1760 729 1818 qui
756 1761 799 1804 id
822 1762 944 1819 quod
973 1765 1180 1808 convenit
1210 1775 1424 1812 nacturus

46 1835 124 1884 est,
165 1834 364 1890 spectans
383 1830 514 1886 longo
538 1829 776 1875 intervallo
796 1829 842 1872 id
862 1829 981 1888 quod
1007 1847 1111 1877 vere
1125 1835 1312 1879 consistit
1327 1835 1424 1879 lae-

41 1908 166 1944 tatur
185 1907 228 1942 et
256 1899 432 1941 intuens
463 1912 567 1941 vera
595 1897 730 1940 alitur
755 1898 895 1954 iisque
924 1898 1115 1958 fruitur,
1152 1904 1295 1947 donec
1330 1905 1424 1948 cir-

44 1967 271 2012 cumcirca
297 1981 394 2009 eam
432 1965 639 2009 circuitus
675 1966 831 2009 eodem
868 1967 1068 2016 reducat.
1112 1970 1161 2015 in
1197 1971 1281 2015 hac
1308 1986 1421 2015 vero

44 2037 326 2080 conversione
346 2034 562 2092 conspicit
582 2036 732 2078 rursus
750 2034 953 2079 iustitiam
966 2070 979 2092 ‚
1010 2039 1222 2098 conspicit
1242 2047 1423 2099 tempe-

43 2104 260 2165 tantiam,
291 2103 500 2163 conspicit
522 2103 747 2146 scientiam
763 2135 775 2156 ,
806 2117 897 2146 non
916 2105 1061 2162 illam,
1101 2107 1169 2152 cui
1188 2107 1422 2166 generatio

43 2171 267 2222 adiuncta,
295 2186 377 2214 nec
398 2185 512 2227 quae
528 2171 611 2214 alia
629 2170 673 2214 in
695 2171 789 2214 aliis
807 2171 940 2216 rebus
957 2174 1037 2226 est,
1067 2189 1176 2233 quas
1195 2191 1317 2219 nunc
1335 2190 1420 2218 ve·-

42 2255 118 2284 ras
138 2237 349 2290 dicimus,
387 2238 459 2281 sed
481 2253 595 2295 quae
614 2239 660 2282 in
678 2239 762 2283 hoc
790 2240 924 2294 inest,
962 2242 1081 2301 quod
1103 2258 1210 2287 vere
1228 2245 1287 2286 est
1306 2259 1420 2288 con·-

41 2309 207 2359 fistens,
246 2304 450 2357 scientia3
487 2313 530 2348 et
548 2314 694 2350 cetera
710 2307 863 2350 itidem
885 2323 990 2353 vere
1009 2312 1277 2356 confisteutia
1298 2313 1421 2372 post-

42 2389 178 2431 quam
198 2370 438 2431 spectavit
427 2386 565 2428 nsque
589 2374 704 2432 pasta
733 2376 810 2428 est,
850 2374 1018 2423 intrans
1046 2380 1197 2422 ruffus
1225 2380 1415 2424 interius

43 2443 217 2485 caelum
246 2440 429 2484 domum
457 2438 715 2492 revertitur,
756 2451 798 2486 et
821 2447 1003 2490 reversa
1026 2448 1138 2505 ipsa,
1178 2450 1331 2508 auriga
1353 2450 1417 2495 ad

41 2511 254 2571 praesepe
284 2524 416 2564 equos
446 2511 588 2553 sistens
615 2511 790 2568 proiicit
814 2513 1071 2560 ambrosiam
1107 2523 1151 2560 et
1179 2527 1416 2576 praeterea

41 2586 196 2621 nectar
216 2577 290 2618 dat
311 2585 528 2633 potatum.

153 2646 211 2692 Et
243 2645 352 2688 haec
371 2645 552 2703 quidem
570 2645 757 2690 deorum
788 2649 846 2694 est
873 2649 991 2708 νῆες
1028 2652 1086 2697 de
1113 2652 1275 2698 ceteris
1300 2669 1410 2700 vcro
