1696 2878
523 182 1176 236 Pnomacouas
1482 152 1590 246 φ’

155 313 264 343 rum
292 296 431 341 velim
453 295 511 341 ab
537 294 672 340 initio
699 292 868 355 partim
898 292 1132 342 recordari
1157 307 1242 356 pu·
1265 301 1334 350 te,
1370 292 1540 355 partim

157 370 305 409 tecum
322 363 615 426 perpendere.
636 371 742 408 erat
760 370 926 417 autem,
955 363 1003 408 ni
1022 362 1167 415 fallor,
1193 361 1307 410 Mc
1321 362 1539 424 quaestioz

155 435 382 493 sapientia,
398 431 707 491 temperantia,
728 430 962 483 fortitudo,
981 431 1146 477 iusti-tia
1162 438 1207 479 et
1223 432 1365 491 μ’σω
1380 438 1543 476 utrum

157 501 265 556 hae,
294 515 408 558 quae
427 500 631 559 quinque
654 501 756 543 sunt
775 501 986 554 nomina,
1022 501 1081 545 ad
1100 515 1241 545 unam
1268 513 1368 545 nm
1392 497 1544 559 porti-

157 577 296 625 nent,
332 586 390 613 an
411 568 657 627 unicuique
682 569 848 613 horum
874 568 1114 615 nominum
1138 567 1336 613 subiecta
1354 567 1415 612 est
1430 582 1543 628 pm-

156 638 259 697 pria
277 638 498 694 quaedam
520 646 680 681 natura
696 645 742 681 et
770 651 841 679 ros
867 636 994 680 suam
1011 651 1212 695 quaeque
1231 637 1326 680 vim
1354 635 1543 687 habene,

156 706 221 749 ita
240 713 292 748 ut
312 705 451 748 altera
470 696 526 748 ab
555 705 698 749 altera
724 703 897 748 diversa
924 705 1005 748 fit?
1041 705 1133 750 iam
1160 712 1215 748 tu
1242 703 1423 748 diceban
1450 718 1547 748 non

160 776 245 817 effe
265 773 451 816 nomina
469 772 601 816 unius
620 771 707 822 rei,
735 770 808 815 sed
828 773 1187 830 unumquodque
1198 771 1367 815 horum
1389 771 1547 817 nomi-

159 856 270 885 num
289 839 494 896 fingulari
514 838 580 882 rei
596 838 844 885 subiectum
862 843 970 891 effe,
999 841 1153 887 omnia
1174 855 1284 885 vero
1307 840 1419 885 haec
1435 854 1547 899 par-

157 917 225 953 tes
245 911 327 953 effe
348 906 552 960 virtutis,
591 922 683 951 non
711 916 762 951 ut
786 909 884 953 auri
902 918 1052 968 partes
1078 909 1238 954 similes
1262 911 1401 954 effeut
1426 908 1547 953 intu·

159 978 203 1020 se
223 984 267 1020 et
285 975 370 1019 toti
388 974 453 1019 illi
471 975 597 1018 cuius
625 984 778 1035 partes
808 981 967 1027 ess‘eut,
1010 979 1084 1023 sed
1112 987 1165 1023 ut
1191 976 1321 1022 faciei
1349 984 1496 1036 partu
1518 989 1549 1022 ι

156 1053 272 1098 toto,
300 1043 428 1087 cuius
448 1051 596 1101 partes
619 1048 767 1099 effe-nt,
788 1054 832 1090 et
850 1047 968 1093 iuter
983 1048 1029 1090 se
1046 1051 1183 1092 eflent
1197 1046 1412 1097 diversae,
1432 1059 1549 1103 pro-

157 1112 301 1169 priam
323 1126 526 1170 quaeque
542 1112 638 1157 vim
655 1113 884 1159 habente&
923 1116 1011 1160 hoc
1038 1117 1068 1161 fi
1087 1116 1348 1160 etiamnunc
1365 1111 1449 1158 tibi
1470 1112 1551 1157 vi·-

160 1183 293 1226 detur
310 1182 416 1224 ficut
435 1189 546 1233 tum,
577 1180 769 1234 declara,
799 1185 860 1227 siu
878 1184 1020 1238 aliter,
1050 1184 1124 1228 dic
1138 1191 1317 1243 aperte3
1347 1196 1455 1226 uam
1472 1180 1551 1225 ni-

159 1249 224 1294 hil
243 1265 376 1303 curo,
406 1250 436 1292 si
450 1248 567 1292 sorte
589 1251 721 1295 aliter
744 1253 920 1305 statuis3
961 1266 1106 1311 neque
1130 1252 1253 1296 enim
1272 1249 1487 1304 admirer,
1515 1249 1548 1292 si

162 1324 259 1361 tum
278 1333 351 1362 me
375 1325 623 1362 tentaturus
652 1319 763 1364 haec
792 1320 973 1365 dixeris.
1030 1320 1092 1365 At
1120 1335 1229 1379 ego,
1255 1317 1427 1376 inquit,
1455 1315 1548 1362 so-

162 1393 279 1430 crate
291 1418 305 1436 ,
336 1386 418 1430 tibi
441 1386 553 1439 dico,
587 1387 668 1430 has
685 1403 839 1431 omnes
858 1391 942 1432 effe
961 1387 1138 1432 virtutis
1156 1396 1323 1447 partes,
1352 1393 1397 1428 et
1412 1391 1550 1443 quat-

162 1461 269 1496 tuor
287 1454 387 1496 satis
404 1453 523 1496 inter
539 1456 584 1496 se
615 1456 798 1507 similes,
836 1455 1151 1500 fortitudinem
1167 1463 1322 1499 autem
1349 1454 1550 1503 multum

164 1519 347 1563 differre
374 1520 428 1562 ab
452 1521 538 1563 illis
567 1529 793 1577 quattuor.
831 1522 896 1565 ita
923 1536 1034 1564 vero
1068 1522 1304 1578 cognosces
1331 1534 1409 1563 me
1437 1533 1552 1563 vern

164 1588 309 1632 dicere
322 1606 334 1629 :
371 1588 572 1631 invenies
594 1589 716 1631 enim
733 1589 899 1632 multos
919 1588 1126 1631 homines
1146 1588 1347 1633 maxime
1365 1586 1550 1645 quidem

162 1656 364 1708 iniustos,
403 1655 589 1712 impios,
633 1655 981 1714 intemperantes
1007 1662 1143 1712 atque
1168 1654 1427 1709 inscientes,
1475 1653 1552 1698 sed

162 1723 416 1768 fortissimos
435 1722 648 1780 insignite.
706 1724 939 1779 Agedum,
977 1721 1164 1781 inquam
1194 1724 1449 1776 (enimvero
1476 1722 1553 1768 di·-

161 1806 304 1850 gnum
324 1791 672 1835 consideratione
702 1793 762 1834 est
788 1792 907 1850 quod
937 1791 1094 1846 dicis»
1133 1807 1247 1836 num
1274 1791 1413 1836 fortes
1442 1792 1551 1837 dicis

163 1858 437 1904 confidentes
465 1862 570 1910 esse,
610 1875 668 1903 an
691 1859 813 1903 aliud
847 1860 987 1917 quid?
1034 1859 1160 1920 Quin
1188 1861 1348 1915 etiam,
1385 1860 1553 1918 inquit‚·

163 1927 373 1972 audacter
389 1928 695 1985 aggredientes
715 1929 770 1972 ad
794 1945 844 1972 ea
857 1961 870 1980 ‚
908 1928 963 1971 ad
981 1942 1096 1985 quae
1120 1929 1306 1987 plurimi
1327 1936 1551 1973 verentur

162 1995 358 2053 aggredi.
414 1996 518 2048 Dic,
557 1998 740 2053 quaeso,
780 1996 1058 2039 virtutemne
1074 1997 1253 2054 pulpiui
1267 1998 1438 2056 aliquid
1467 2002 1552 2045 effe

163 2063 312 2108 censes
330 2069 372 2104 et
392 2062 520 2120 ipsius
531 2095 545 2117 ,
582 2079 695 2122 quae
712 2064 899 2123 pulchra
919 2065 990 2118 fit,
1018 2063 1272 2122 magistrum
1291 2074 1335 2111 te
1350 2066 1445 2126 ipse
1463 2079 1554 2111 exv
1599 2119 1601 2128 ¹

163 2130 321 2174 hiben'?
341 2130 696 2176 Pulcherrimam
710 2148 837 2185 vero,
855 2130 1014 2189 inquit,
1033 2131 1113 2176 nifi
1126 2133 1355 2178 insaniam.
1382 2133 1553 2180 Utrum

166 2198 319 2255 igitur,
355 2198 566 2256 inquam,
613 2202 751 2244 altera
778 2201 907 2257 ipsius
942 2214 1044 2257 pare
1061 2202 1234 2259 turpis,
1269 2203 1415 2246 altera
1440 2202 1553 2261 pul-

168 2265 299 2316 chra,
339 2280 395 2308 an
421 2273 513 2308 tota
539 2268 729 2325 pulchra
756 2268 843 2311 est?
890 2269 1008 2311 Tota
1035 2266 1244 2314 videlicet
1272 2272 1331 2313 est
1357 2270 1551 2330 pulchra

167 2348 306 2391 quam
325 2334 464 2391 potest
484 2335 696 2380 maxime.
742 2335 847 2379 Scin
869 2334 945 2392 qui
968 2334 1015 2378 ἰιι
1033 2343 1197 2393 puteos·
1207 2338 1448 2383 minentur
1463 2354 1553 2384 au-

168 2399 350 2445 dacter?
387 2400 529 2447 Vero.
566 2402 831 2446 urinatores.
890 2402 1054 2448 Utrum
1084 2405 1189 2462 quia
1212 2406 1260 2451 id
1289 2407 1461 2461 sciunt,
1488 2422 1551 2452 an

166 2477 354 2530 propter
374 2468 492 2510 aliud
512 2467 616 2524 quid
631 2470 653 2511 ‘2
675 2470 799 2528 Quia
816 2469 970 2513 sciunt.
999 2470 1202 2531 Quinam
1214 2462 1322 2519 vei-o
1339 2490 1400 2518 ex
1421 2476 1550 2533 equis

166 2552 371 2601 pugnare
388 2536 582 2579 audent?
613 2537 780 2593 equites
803 2553 859 2580 an
889 2538 1118 2596 equitandi
1145 2541 1374 2601 imperiti?
1402 2543 1552 2601 Equi-

168 2614 246 2649 tes.
291 2606 351 2649 Et
369 2606 446 2661 qui
464 2606 622 2664 peltis?
649 2607 854 2664 peltastae
873 2607 1044 2651 necne?
1079 2609 1312 2667 Peltastae3
1341 2614 1449 2659 etin
1468 2631 1552 2659 re·-

167 2674 298 2737 liquis
314 2673 536 2731 omnihuS,
555 2675 586 2721 fi
603 2673 688 2720 hoc
707 2674 902 2734 quaeris,
933 2675 1096 2736 inquit,
1121 2679 1304 2727 scientes
1320 2682 1548 2728 inscienti-
