1696 2878
741 20 752 43 ἱ

535 129 1045 183 rnAEnnvs
1264 201 1274 219 Ι
1395 133 1479 196 sQ

98 247 229 302 alian,
258 248 326 291 'fic
348 250 456 292 tunc
476 259 503 290 a
521 243 694 305 pudore
715 250 894 288 coactus
912 242 989 289 fibi
1014 249 1255 307 temptat.
1293 242 1478 303 quomi-

97 333 182 363 nus
202 314 419 360 insiliatin
440 322 662 368 amatum,
692 313 767 357 ille
782 321 934 357 contra
960 329 1108 371 neque
1129 312 1325 359 stimulo·
1348 311 1479 357 auri·-

97 398 177 442 gae
198 399 346 443 neque
364 383 587 442 flagelium
609 382 802 442 amplius
832 388 983 436 curat,
1012 381 1087 425 sed
1117 372 1341 429 θείω
1371 381 1479 426 vio-

96 455 243 510 lenter
258 451 423 508 fertur,
454 458 499 495 et
517 451 628 494 nihil
644 467 737 494 non
759 451 924 509 negotii
943 450 1154 495 facess'enc
1182 449 1277 507 iugi
1299 449 1415 496 sodo
1431 457 1480 496 et

98 523 278 581 aurigae
296 520 412 578 cogit
443 536 516 564 eos
546 519 756 562 accedere
783 519 838 563 ad
867 528 1067 565 amatum
1093 534 1286 576 eumque
1318 518 1481 563 admo·-

97 606 233 645 nere‚
263 598 315 634 ut
333 587 500 632 amoris
520 587 662 632 officia
691 590 896 646 praestet.
937 589 1003 632 illi
1031 588 1156 632 initio
1186 587 1368 644 quidem
1401 601 1482 631 re-

94 660 326 702 luctantur
344 657 646 715 indignantes,
676 657 792 714 quod
815 658 869 699 ad
891 656 987 701 dira
1001 664 1046 700 et
1063 656 1221 699 iniusta
1246 662 1480 712 cogantur,

95 729 274 771 tandem
292 742 427 777 vei-0,
457 727 486 769 fi
507 725 656 769 nullus
686 723 742 768 est
759 723 871 777 {finis
896 725 1148 778 malorum,
1185 722 1480 783 proficiscun-

95 804 174 840 tur
203 797 258 839 ab
290 811 342 838 eo
369 794 514 846 ducti,
568 792 770 836 cedentes
796 807 848 836 ac
876 793 1188 851 promittente·
1210 793 1256 835 se
1282 789 1479 835 facturos

97 867 180 908 effe
217 863 333 920 quod
354 862 427 905 ille
449 860 631 905 ium-rit.
671 860 760 904 iam
788 862 907 920 apud
927 862 1073 920 ipsum
1093 862 1221 913 sunt,
1249 860 1340 904 iam
1366 873 1478 903 con-

72 932 288 990 'spiciunt
308 932 485 974 vultum
509 929 646 972 amati
666 929 971 987 splendentem
984 962 996 983 ,
1035 938 1079 972 et
1099 927 1335 987 spectantia
1350 927 1479 972 auri-3

94 1015 175 1059 gae
193 998 410 1042 memoria
427 998 480 1041 ad
502 997 847 1056 pulchritudinis
867 1006 1075 1041 naturam
1094 997 1340 1049 attollitur,
1369 1010 1480 1040 rur-
1504 1018 1511 1022 ·

91 1069 249 1123 susque
268 1066 391 1110 videt
408 1066 546 1124 ipsam
568 1078 670 1108 cum
691 1068 981 1125 temperantia
1001 1067 1048 1110 in
1070 1067 1183 1110 casto
1202 1064 1479 1110 fundamen-

91 1144 140 1180 to
176 1135 476 1187 constitutam3
507 1134 663 1177 videns
692 1142 845 1178 autem
870 1135 1026 1179 horret
1054 1143 1099 1178 et
1125 1133 1479 1178 venerabundus

91 1203 347 1264 procumbit
364 1203 610 1261 resupinus,
639 1204 857 1260 sumulque
879 1213 1056 1248 coactus
1080 1206 1139 1247 est
1155 1212 1275 1247 rou-o
1295 1202 1479 1248 trahere

90 1272 288 1316 habenas
309 1279 398 1313 tarn
419 1271 730 1322 vehementer,
767 1279 820 1314 ut
845 1272 892 1316 in
914 1273 1037 1316 coxis
1069 1282 1314 1330 utrumque
1339 1270 1481 1316 saciat

95 1349 263 1395 equum
285 1338 524 1391 confidere,
555 1340 747 1383 alterum
769 1341 943 1398 sponte,
982 1341 1086 1398 quia
1106 1357 1199 1385 non
1213 1341 1479 1392 reluctatur,
1546 1345 1550 1349 ’

94 1406 308 1451 lascivum
329 1421 435 1447 vero
466 1405 712 1448 admodum
732 1406 943 1454 invitum.
973 1408 1150 1462 longina
1170 1415 1323 1451 autem
1343 1407 1374 1449 fi
1398 1420 1479 1449 re-

95 1474 337 1526 cumbunt,
384 1473 459 1515 ille
493 1472 671 1528 quidem
703 1487 812 1531 prae
839 1472 1015 1530 pudore
1044 1489 1096 1516 ac
1123 1475 1299 1532 stupore
1328 1479 1479 1519 totum

92 1542 252 1598 irrigat
267 1541 469 1584 animum
491 1540 669 1594 sudore,
689 1539 760 1582 hic
781 1542 890 1583 v'ero
908 1540 1123 1584 liberatus
1141 1541 1311 1596 dolore,
1341 1555 1478 1599 quem

95 1626 121 1652 a
150 1609 278 1652 freno
310 1616 539 1665 acceperat
562 1616 697 1665 atque
726 1608 851 1660 casu,
905 1608 982 1650 vix
1010 1610 1233 1666 respirans
1260 1610 1479 1669 increpat,

92 1677 324 1724 iracundia
341 1676 670 1729 inflammatus,
700 1675 842 1718 multa
870 1675 1074 1726 convicia
1102 1677 1266 1720 faciens
1293 1678 1481 1736 auriga&

94 1754 138 1790 et
160 1745 251 1801 iugi
269 1745 402 1795 socio,
445 1745 564 1801 quod
580 1744 757 1802 ignavia
778 1750 821 1785 ct
837 1743 1025 1787 mollitia
1044 1745 1325 1789 deseruerint
1348 1747 1476 1790 ordi·-

91 1827 195 1858 nem
214 1828 264 1855 ac
289 1812 642 1869 promissionem,
682 1812 939 1867 iterumque
970 1827 1045 1855 eoa
1073 1812 1238 1857 invito·
1265 1814 1320 1858 ad
1344 1829 1476 1859 ama-

90 1890 189 1926 tum
209 1880 418 1924 accedere
438 1893 596 1936 cogens
607 1880 682 1923 vix
704 1880 905 1924 concedit
922 1880 973 1923 iis
990 1882 1256 1939 petentibus,
1276 1890 1327 1926 ut
1346 1883 1474 1929 aliud

90 1950 139 1995 in
166 1958 340 2006 tempus
368 1948 616 1994 differatur.
673 1956 846 2006 tempus
876 1963 985 1991 vero
1022 1951 1301 1995 constitutum
1330 1966 1476 2008 quum

36 2046 44 2049 -
91 2018 286 2064 advenit,
316 2018 416 2060 illos
430 2017 702 2060 oblivionem
722 2017 975 2060 fimulantes
994 2017 1368 2073 admoncns,‚vim
1387 2019 1475 2063 ad-

90 2088 268 2139 bibens,
298 2087 522 2135 hinniens,
549 2086 730 2129 trahens
750 2085 865 2142 cogit
884 2087 1035 2130 rursus
1051 2084 1264 2132 accedere
1280 2088 1335 2131 ad
1356 2103 1474 2147 pue-

90 2171 195 2200 rum
213 2156 451 2198 eorundem
474 2155 731 2196 sermonum
752 2154 902 2206 causa,
941 2161 987 2199 et
1013 2156 1191 2212 quando
1219 2155 1473 2216 appropin-

90 2230 254 2282 quant,
283 2222 325 2263 se
338 2222 554 2265 inclinans
572 2221 848 2278 caudamque
864 2223 1128 2274 extendens,
1158 2225 1266 2270 dum
1286 2223 1475 2269 frenum

89 2291 284 2345 mordet,
314 2289 600 2346 impudenter
615 2304 688 2332 eos
706 2291 859 2332 trahit.
890 2289 1041 2349 auriga
1058 2300 1184 2347 tuuc,
1214 2285 1349 2337 etiam
1367 2307 1473 2336 ma·-

89 2360 154 2418 gis
182 2360 243 2402 ita
273 2365 323 2400 ut
348 2365 452 2400 ante
481 2357 689 2410 affectus,
734 2366 967 2414 tamquam
1004 2374 1031 2403 a
1063 2361 1472 2406 carceriburoeci..

89 2430 215 2480 dens,
245 2427 376 2469 etiam
394 2425 699 2468 vehementius
719 2426 869 2469 lascivi
887 2427 990 2484 equi
1007 2444 1032 2472 e
1053 2429 1259 2478 dentibus
1277 2445 1361 2491 per
1377 2430 1471 2474 vim

33 2533 38 2547 ,
87 2496 320 2541 retrahens
336 2493 516 2538 frenum
535 2492 797 2537 maledicam
815 2495 1013 2551 linguam
1030 2505 1072 2541 et
1081 2499 1291 2543 maxillas
1301 2514 1472 2544 cruen-

88 2572 176 2615 tat,
226 2571 270 2605 et
299 2576 431 2605 crura
460 2576 682 2618 coxasque
710 2569 857 2605 terrae
896 2564 1070 2609 illidens
1097 2567 1325 2611 doloribus
1358 2582 1468 2610 eum

90 2632 258 2676 cruciat
267 2649 283 2686 3
315 2645 456 2688 quum
474 2629 592 2674 idem
613 2629 784 2688 saepius
801 2634 943 2688 paffus
956 2647 1119 2691 pravus
1137 2635 1366 2679 lasciviam
1384 2633 1466 2675 de-
